2850 4940
244 331 739 450 suuocsrronns
778 373 1106 466 [capitenata.
1138 378 1201 446 ur
1284 350 1290 354 ’

156 571 334 646 properantis
355 569 453 630 librari
474 568 669 645 negligentia,
699 566 776 642 quod
799 567 884 626 etiam
905 566 973 627 inde
994 568 1089 646 colligi
1109 579 1202 644 potest

157 658 235 728 qarod
252 653 383 713 Oreliius
404 655 514 712 nullam
536 655 691 726 scripturae
711 653 908 712 diversitatem
930 655 1049 713 notavit.

242 737 316 797 lbid.
339 742 371 814 ἦ.
394 745 447 798 4’ὶ.
484 734 723 814 prrwcpieudum
751 751 792 794 est
820 740 914 812 agaae
940 735 1038 809 bouis,
1069 751 1102 794 ut
1122 740 1201 796 siin
1236 775 1253 789 .*

156 820 242 882 bucias
259 821 339 882 uendi
358 825 501 880 aeaioitius
521 825 621 896 igrrrcri
641 842 712 879 casu
732 820 831 898 aliquo
852 819 1021 894 inciderint,
1042 843 1079 879 ue
1099 824 1202 882 aristi-

156 921 233 966 raeat
259 911 303 966 ita
328 928 358 964 se
384 906 537 980 alligcuos,
567 919 600 962 ut
628 903 665 964 ab
689 908 791 964 actricis
822 909 854 962 ia
881 908 1001 979 [armena
1031 905 1144 984 aliqua]
1168 929 1200 966 rc

152 989 274 1066 publica
289 989 477 1064 peccantibus
497 1011 556 1048 aori
577 987 734 1048 discedant.
776 987 831 1046 boc
857 989 919 1048 loco
946 991 1036 1049 invito
1057 1012 1104 1050 me
1126 993 1200 1052 datae
1293 999 1296 1004 '

158 1096 205 1134 res
224 1076 314 1134 factae
335 1087 414 1147 strat,
435 1095 468 1133 ac
489 1077 613 1147 primum
634 1074 752 1147 quidem
772 1069 859 1131 liuius
879 1071 958 1131 modi
978 1095 1029 1148 pro
1047 1077 1108 1132 eius
1122 1070 1201 1134 arodi

156 1161 292 1232 scriptum
314 1172 375 1231 cst,
403 1159 480 1232 (parad
502 1162 554 1216 etsi
577 1159 670 1216 estin
692 1157 861 1230 quibusdam
883 1158 982 1233 libris,
1011 1161 1053 1216 uti
1074 1161 1104 1215 in
1127 1157 1201 1217 Vin·

157 1245 223 1302 dob.
246 1243 289 1302 ΙΙ.
311 1245 434 1316 aliisque
455 1240 570 1314 Beieri,
603 1263 660 1300 tran
682 1253 777 1299 tamen
797 1252 913 1316 propter
934 1254 1092 1301 ceterorum
1113 1244 1201 1302 libro·

155 1348 223 1386 rum
244 1348 335 1385 nuttam
356 1346 526 1386 cotisemann
547 1335 640 1400 potest
660 1326 796 1398 probari.»
828 1326 933 1404 deinde
963 1329 992 1384 in
1014 1327 1077 1384 loco
1098 1328 1201 1386 admo·

156 1411 227 1470 duan
248 1412 384 1486 ambiguo
405 1421 550 1488 receptum
571 1412 601 1466 in
624 1411 779 1468 orationem
796 1410 893 1486 video,
916 1406 992 1484 qnod
1005 1431 1059 1486 ego
1071 1413 1100 1468 in
1115 1432 1200 1470 iatam

156 1516 256 1554 meum
277 1507 455 1569 notaveram,
476 1498 508 1552 in
532 1497 651 1568 [magua
671 1493 784 1572 aliqua]
806 1492 974 1568 republica.
997 1515 1064 1552 raum
1078 1499 1130 1554 etsi
1145 1497 1200 1554 uix

156 1581 314 1638 verisimile
336 1592 396 1653 est,
418 1599 485 1652 eam
503 1581 688 1655 scripturam,x
703 1599 778 1651 quiae
799 1590 842 1638 est
864 1591 975 1653 recepta
997 1599 1013 1638 a
1035 1581 1200 1638 saevissimis
1233 1650 1238 1657 θ

157 1663 277 1722 criticis:
298 1666 331 1720 ia
350 1681 383 1720 re
397 1660 519 1736 publica
534 1660 730 1736 peccantibus,
752 1682 816 1720 esse
837 1683 853 1721 a
871 1661 1016 1722 Ciceronis
1031 1685 1117 1722 manu
1134 1684 1199 1738 pro·

155 1747 278 1819 tectam,
305 1759 399 1806 tuanen
427 1746 569 1806 malebam
595 1767 649 1823 ego
676 1747 822 1822 volgatam
849 1749 1016 1822 scripturam
1037 1749 1199 1822 relinquere

156 1851 245 1904 qurum
273 1829 405 1888 rtovando
432 1831 566 1889 audacior
592 1832 695 1891 videri.
737 1832 786 1890 itta
808 1842 906 1890 autem
926 1833 1040 1907 volgata
1062 1833 1200 1906 scriptura

157 1916 194 1974 ob
215 1935 280 1972 eam
301 1935 429 1972 caussam
452 1937 509 1975 aton
532 1915 645 1975 videtur
665 1917 782 1990 antiqrta
803 1936 890 1990 esse‚.
906 1918 984 1991 quod
1005 1916 1070 1974 libri
1090 1919 1121 1974 in
1142 1919 1200 1976 aiio

158 2001 253 2058 omnia
275 1997 411 2058 hocloco
433 1999 556 2072 abeunt,
583 2021 706 2074 qttoram
727 2001 929 2074 discrepantias
949 2021 1013 2059 curn
1035 2004 1200 2075 cognoveri-

157 2105 240 2156 mus,
272 2085 331 2142 iam
357 2081 468 2142 facilius
491 2085 647 2158 poterimus
668 2083 703 2142 de
723 2082 778 2142 boc
797 2084 859 2142 loco
880 2085 1014 2144 iudicare.
1061 2086 1128 2144 libri
1146 2087 1199 2160 igi-

158 2179 205 2228 tar
231 2165 474 2228 vindobonenses
500 2169 574 2239 diro,
596 2166 787 2234 Ert'tartensis,
818 2167 1011 2243 Basiieensis‚
1042 2168 1199 2229 Hecaelia·

159 2273 230 2322 nus,
253 2247 425 2324 Gudianus,
454 2250 648 2328 Atagustanus
669 2253 706 2328 1.‚
730 2250 941 2329 Gottingensis,
972 2255 1021 2312 alii
1041 2253 1147 2313 babent
1167 2258 1199 2312 ia

157 2335 294 2410 maguam
314 2335 443 2416 aliquam
463 2358 523 2394 rem
540 2335 690 2410 publicam
705 2337 908 2414 peccantibus,
935 2340 982 2398 aiii
1010 2341 1043 2398 ia
1062 2361 1199 2414 magerara

158 2420 288 2498 aliquam
307 2443 367 2478 cera
383 2419 583 2497 pausans,
612 2423 661 2480 aiii
689 2422 788 2498 aliud,
816 2425 898 2497 pauci
925 2435 1092 2483 statement
1114 2423 1198 2498 piane

157 2507 258 2566 nullus
284 2505 357 2564 iiber
385 2501 498 2564 ridetur
523 2508 597 2564 tueri
626 2507 770 2582 volgatam
805 2511 982 2582 scripturam.
1026 2521 1199 2582 quapropter

159 2591 318 2663 maspicotua
339 2610 417 2649 eram
438 2591 618 2650 scribendum
640 2612 718 2650 esse:
740 2595 773 2649 ia
789 2583 898 2665 magua
919 2591 1020 2668 aliqua
1035 2589 1199 2665 republica

152 2671 356 2750 peccantibus,
383 2675 431 2732 abi
458 2686 534 2752 esset
559 2696 605 2732 res
626 2673 748 2748 publiea
770 2695 826 2732 non
848 2677 908 2748 ipsa
931 2678 1047 2748 civitas,
1075 2677 1126 2734 sed
1152 2697 1199 2736 res

102 2791 104 2801 ι
158 2779 233 2831 quiae
245 2762 397 2832 pertineret
408 2758 446 2816 ad
461 2760 616 2831 civitatem,
629 2780 716 2832 qttem
729 2759 891 2818 admodum
904 2779 990 2833 saepe
1001 2760 1073 2818 elias
1087 2761 1199 2820 locutus

141 2835 202 2902 *est
224 2841 248 2900 T
252 2843 355 2912 allius,
377 2845 470 2902 omnis
496 2856 590 2902 atatem
613 2841 827 2902 seriteutiaboc
848 2842 966 2902 diceret:
1000 2842 1046 2902 die
1067 2848 1100 2902 ia
1120 2847 1199 2903 einer·

160 2922 309 3001 wichtigea
330 2923 644 3002 Stuatsaagelrgealreit
664 2924 726 2986 sicle
743 2942 827 2986 etwas
841 2948 881 2989 zea
903 2924 1050 2988 Sebuldeu
1070 2925 1199 2986 beminen

159 3010 261 3070 Irrssea.
305 3010 439 3070 Fortasse
460 3015 545 3070 etiam
566 3014 656 3088 possit
668 3013 768 3070 scribi:
791 3014 944 3087 iaurugaa
958 3012 1059 3091 aliqua
1072 3035 1104 3070 re
1118 3017 1149 3070 ia
1166 3035 1199 3072 re

156 3092 275 3172 publica
289 3093 491 3170 peccantibus3
510 3107 584 3154 'arar
614 3099 647 3154 ia
674 3117 783 3170 magau
801 3096 905 3174 setique
925 3101 958 3154 in
978 3095 1146 3170 republica
1166 3119 1199 3154 re

152 3177 349 3253 peccantibus,
371 3193 446 3238 certe
468 3177 583 3242 Tullius
603 3184 636 3238 ia
655 3183 795 3240 maximis
815 3184 847 3238 ia
867 3179 1030 3255 republica
1041 3178 1125 3238 rebus
1138 3179 1199 3240 lubi

159 3263 314 3332 etsimiiia
337 3266 423 3344 etiarn
442 3264 516 3324 alias
537 3266 658 3340 scripsit.
701 3265 773 3323 iliud
795 3277 891 3336 optem
912 3280 1019 3324 certum
1041 3277 1128 3339 atque
1145 3286 1198 3324 ex-

158 3348 301 3422 ploratam
335 3349 447 3406 videtur
479 3370 559 3423 esse,
592 3371 666 3423 (pirae
702 3351 790 3424 volgo
822 3370 897 3408 rrrrnc
924 3362 1034 3424 recepta
1062 3360 1104 3409 est
1130 3352 1198 3410 ecri-

159 3445 253 3506 puna,
274 3435 305 3490 in
326 3453 358 3490 re
372 3431 495 3506 publiea
510 3431 695 3506 pecccatoribus
715 3444 830 3508 propter
844 3437 934 3510 ipsam
951 3436 1087 3493 librorum
1102 3445 1199 3494 aucto·

160 3518 270 3574 ritatem
291 3537 391 3576 veram
412 3537 475 3576 case
497 3536 552 3576 nou
576 3537 669 3590 posse.
1226 3519 1227 3524 ’

244 3598 365 3659 Ibidem.
408 3604 460 3679 qui
478 3623 542 3660 cum
562 3604 721 3675 impartiar
740 3597 814 3658 hetto
827 3601 945 3659 Persico
955 3605 1087 3658 seruitute
1102 3601 1199 3662 (irae-

159 3687 234 3742 ciam
255 3681 400 3744 liberasset
415 3699 591 3763 propterque
611 3683 750 3744 irwirliam
771 3687 802 3742 ia
828 3685 966 3742 exsilim
993 3684 1134 3758 expulsus
1153 3707 1197 3744 es-

46 3773 53 3790 '
159 3782 201 3826 set
220 3783 272 3827 etc.
315 3768 369 3826 boc
395 3770 457 3827 ioco
483 3771 582 3830 ridere
607 3789 758 3844 possumus
785 3781 890 3844 qtrarrta
917 3768 1032 3827 levitate
1055 3770 1202 3846 interdum

159 3855 247 3910 critici
266 3855 297 3910 in
318 3854 522 3912 constituendis
543 3855 638 3912 uerbis
659 3865 783 3912 tutantur.
816 3875 882 3912 nom
897 3873 961 3912 cirin
978 3855 1008 3910 in
1021 3854 1101 3912 libris
1117 3876 1199 3928 prae·

160 3939 342 3996 attentissimis
363 3958 421 3994 uno
442 3957 581 3996 corruensu
602 3939 786 3998 scriberetur:
811 3952 987 4015 propterque
1006 3937 1146 3997 iuvidiam
1166 3943 1198 3998 iu

160 4020 297 4078 exsilium
317 4020 457 4094 expulsus
477 4035 561 4092 esset,
583 4023 660 4094 ‹ptrod
682 4033 797 4080 tuentur
817 4024 902 4079 etiem
924 4021 1091 4094 Beruensis,
1114 4021 1198 4082 Besi-

160 4105 284 4180 leeusis‚
305 4103 499 4178 Eriurteasis,
521 4104 649 4164 Vindob.
672 4105 709 4179 l.,
735 4101 861 4164 Vindob.
884 4104 940 4178 ll„
964 4105 1104 4180 Raetici,
1132 4105 1198 4166 Gu-

82 4251 85 4258 ,
160 4191 275 4264 dimitis,
298 4187 426 4265 August.
443 4189 480 4262 l.,
501 4186 585 4266 Aug.
606 4189 659 4266 lt,
681 4188 893 4268 Gottingcusis,
915 4193 965 4268 quai
985 4193 1051 4251 libri
1071 4194 1198 4252 rnaxima
