2868 4958
341 366 409 440 DE
431 368 702 443 Anlclrm.
762 371 987 444 mavul.
1140 379 1182 445 13

136 561 266 656 cogitis
293 568 404 634 certe.
445 563 574 634 studiis
596 564 691 636 enim
714 587 946 658 generorum,
967 559 1181 657 pracsertim

134 667 171 735 in
186 689 227 735 re
245 668 359 752 bona,
379 687 464 734 cum
479 665 626 736 difficile
641 674 697 736 est
717 675 793 736 tum
809 689 855 736 nc
869 688 1022 758 aequum
1036 669 1180 760 quidem

136 767 327 837 obsistere.
362 765 584 856 Saepissime
598 768 709 860 igitur
729 769 816 837 mihi
832 765 879 838 de
900 770 1058 840 amicitia
1080 772 1179 862 cogi·

135 869 226 938 tanti
239 868 396 937 maxime
409 868 499 938 illud
513 869 813 946 considerandum
822 871 937 940 videri
945 871 1049 956 solet,
1058 881 1179 942 utrum

31 1039 38 1059 ,
133 977 281 1061 propter
313 969 595 1040 imbecillitatem
627 980 735 1062 atque
775 972 934 1062 inopiam
973 972 1180 1044 desiderata

132 1073 179 1142 sit
195 1071 352 1140 arnioitia
362 1121 372 1156 ,
399 1077 441 1139 ut
462 1072 591 1141 dandis
605 1073 891 1164 recipiendisque
905 1074 1061 1160 meritis,
1081 1078 1179 1165 quod

34 1172 37 1174 ’
131 1173 284 1265 quisquc
309 1174 427 1242 minus
453 1195 519 1263 per
535 1195 576 1242 so
593 1173 671 1264 ipse
696 1167 837 1265 posset,
866 1175 1111 1266 idacciperet
1131 1179 1177 1247 ab

133 1264 206 1342 alio
232 1274 465 1364 vicissimque·
497 1273 686 1364 redderet3
729 1295 775 1344 an
809 1283 906 1345 esset
939 1275 1008 1347 hoc
1033 1278 1178 1368 quidem

110 1376 318 1466 proprium
346 1376 545 1462 amicitiae,
583 1377 649 1445 sed
683 1377 929 1468 antiquioret
953 1378 1115 1468 pulcrior·
1141 1386 1178 1449 et
1213 1443 1214 1446 ,

132 1476 248 1568 magis
276 1499 298 1546 a
323 1484 453 1545 natura
479 1477 563 1566 ipsa·
583 1478 747 1567 proiecta
775 1479 847 1548 alia
873 1477 1027 1548 caussal
1059 1480 1178 1549 Amor
1218 1484 1220 1490 ’

123 1579 245 1665 enim,
274 1599 321 1647 ex
348 1599 419 1670 quo
443 1577 601 1656 amicitia
620 1580 906 1672 nominatorem,
933 1581 1099 1672 princeps
1121 1589 1178 1651 est

134 1681 181 1748 ad
207 1680 498 1748 benevolentiam
525 1679 825 1772 coniungendam.
886 1703 970 1749 nam
1002 1683 1176 1753 utilitates

129 1778 275 1872 quidem
296 1781 404 1850 etiam
427 1780 533 1850 abiis
559 1782 806 1873 percipiuntur
829 1803 957 1873 saepe,
987 1783 1047 1875 qui
1066 1783 1176 1854 simu·

127 1881 264 1952 latione
291 1882 471 1951 amicitiae
493 1883 662 1952 coluntur
683 1890 720 1952 et
742 1885 983 1954 observantur
1003 1886 1175 1976 temporis

128 2005 277 2054 caussa:
312 1983 349 2052 in
375 1983 534 2082 amicilia
560 1993 681 2055 autem
707 1985 796 2054 nihil
829 1985 1049 2072 detumeat,
1087 1988 1175 2058 nihil

48 2151 53 2164 ,
118 2085 356 2172 ΑεὶιιιιιΙειὶιιιιι,
392 2093 428 2154 et
454 2086 627 2177 quidquid
654 2093 727 2174 est,
761 2086 799 2155 id
826 2093 862 2156 et
894 2109 1021 2156 verum
1058 2097 1113 2157 est
1139 2094 1175 2157 et
1242 2109 1250 2114 “

130 2188 388 2256 voluntarium.
449 2187 509 2256 27.
545 2185 779 2278 Quapropter
805 2209 827 2256 a
852 2194 983 2256 natura
1008 2185 1096 2257 mihi
1121 2187 1174 2258 vi·

128 2283 234 2358 detur
265 2287 386 2378 potius
420 2309 528 2380 quam
561 2290 606 2358 ab
644 2289 843 2380 indigentia
882 2295 962 2358 orta
1003 2289 1172 2378 amicitia,

127 2386 370 2480 applicatione
414 2389 531 2480 magis
578 2389 688 2460 animi
736 2413 818 2460 cum
866 2393 1023 2483 quodam
1063 2415 1174 2464 sensu

127 2492 291 2578 amandi,
325 2513 432 2583 quam
454 2493 673 2582 cogitatione
706 2498 879 2586 quantum
911 2493 972 2562 illa
993 2515 1052 2563 res
1078 2495 1172 2564 utili·

126 2592 211 2662 talis
233 2600 330 2662 esset
350 2593 529 2662 habitura.
571 2593 683 2671 (laod
701 2594 844 2686 quidem
861 2595 968 2684 quale.
982 2595 1039 2679 sit,
1064 2597 1173 2664 etiam
1275 2665 1292 2696 ·,

126 2695 163 2762 in
192 2694 316 2764 bestiis
342 2695 556 2786 quibusdam
584 2695 823 2764 animadverti
848 2700 978 2784 potest,
1004 2716 1097 2785 quac
1124 2719 1173 2766 ex

126 2819 167 2865 sc
193 2805 300 2882 natos
325 2795 376 2866 ita
398 2803 520 2866 amant
546 2797 592 2865 ad
619 2797 800 2888 quoddam
827 2802 968 2885 tempus
992 2803 1027 2864 et
1053 2797 1104 2869 ita
1125 2799 1171 2867 ab

127 2896 180 2966 eis
214 2905 397 2984 struantur,
432 2905 472 2966 ut
506 2897 615 2988 facilc
650 2919 773 2966 earum
816 2919 945 2967 sensus
986 2907 1170 2988 appareat.

126 3001 225 3090 quod
252 2999 286 3067 in
314 2998 459 3068 homine
485 3000 597 3068 multo
626 2998 1172 3090 estevidenaus,p1·tmumex
1220 2995 1224 3004 Κ

126 3101 173 3168 ea'
199 3100 366 3186 caritate,
394 3121 488 3192 qnae
510 3090 565 3170 esi
590 3103 805 3170 internatas
826 3108 862 3170 et
880 3102 1057 3189 parentis,
1077 3123 1171 3194 quac

126 3199 245 3270 dirimi
271 3203 341 3271 nisi
374 3202 578 3271 detestabili
604 3202 743 3272 scelere
769 3224 842 3269 non
869 3209 1006 3291 potest3
1040 3203 1170 3273 deinde

125 3303 348 3373 cumsimilis
364 3326 493 3394 sensus
512 3303 649 3374 exstitit
670 3303 823 3388 amerb,
851 3305 882 3373 si
900 3304 1056 3396 aliquem
1075 3305 1172 3387 nacti
1266 3319 1268 3323 “

124 3425 267 3491 sumus,
295 3407 398 3475 cuius
425 3428 507 3474 cum
533 3407 693 3475 moribus
708 3412 744 3476 et
760 3401 889 3474 natura
914 3428 1169 3498 congruamus,

122 3507 220 3596 quod
246 3507 282 3574 in
308 3529 353 3575 eo
379 3507 483 3596 quasi
514 3507 635 3576 lumen
662 3507 806 3598 aliquod
833 3508 1020 3597 probitatis
1042 3516 1078 3577 et
1098 3510 1169 3580 virs

123 3607 211 3676 tutis
243 3607 451 3698 perspicere
486 3609 684 3680 videamur.
750 3609 811 3680 28.
845 3607 946 3678 Nihil
986 3615 1042 3677 est
1074 3610 1169 3678 enim

122 3708 258 3776 virtute
292 3706 500 3795 amabilius,
544 3711 634 3778 nihil
665 3710 760 3802 quod
797 3710 913 3798 magis
947 3707 1082 3777 alliciat
1122 3709 1169 3778 ad

121 3809 363 3900 diligendum:
393 3813 525 3902 quippe
543 3832 624 3880 cam
645 3817 793 3902 propter
810 3810 979 3878 virtutem
996 3816 1032 3879 ct
1048 3811 1168 3900 probi·

206 4039 296 4104 Vlll.
319 4046 352 4120 ᾖ.
366 4051 417 4107 26.
445 4056 478 4104 ut
496 4042 646 4123 dandis]at
660 4047 693 4102 in
713 4040 828 4103 ἆιιπᾱίε.
872 4046 1017 4104 nominata
1035 4043 1093 4124 est]
1115 4067 1168 4105 ao-

118 4127 243 4186 miaata.
266 4127 365 4188 fictam
382 4141 588 4191 est-veram
603 4127 659 4208 cst]
667 4129 776 4208 fictam
787 4161 828 4174 —-
838 4149 945 4188 amm.
968 4133 999 4206 ἦ.
1014 4138 1064 4192 27.
1080 4141 1108 4189 ct
1127 4132 1168 4190 itu

117 4210 230 4292 abeis]
248 4225 275 4271 et
292 4211 330 4273 ad
346 4218 387 4274 cic
398 4219 452 4276 tta.
474 4218 506 4293 θ.
520 4223 569 4278 28.
583 4217 688 4278 virtute
703 4210 868 4297 amabilius]
884 4212 1040 4275 maeatae
1051 4219 1167 4276 vome.-
