2864 4942
491 1003 832 1084 REINHOLM
882 1011 1077 1084 muz
1129 1014 1158 1096 '¹

336 1267 840 1361 uuuouuumuus
913 1271 1235 1370 CRITIGAE,

671 1554 900 1564 ———--..--—

365 1669 464 1801 Cep.
486 1722 511 1783 l.
535 1726 566 1799 §.
591 1732 618 1782 1.
661 1725 759 1801 itaqtte
787 1721 882 1780 multu
911 1719 948 1781 ub
969 1743 1002 1781 eo
1019 1719 1180 1796 padum
1206 1721 1311 1798 dispu-

266 1827 339 1884 tata,
361 1811 454 1868 multu
481 1813 567 1867 etium
587 1806 719 1866 marre.
732 1820 759 1864 et
779 1805 923 1866 cotnmode
951 1804 1030 1865 dictu
1049 1810 1203 1866 nemerim
1221 1825 1309 1866 surm-

266 1895 382 1956 dacaru.
425 1893 479 1953 hoc
499 1895 561 1952 loco
580 1892 703 1966 intelligi
730 1902 824 1964 potest
851 1913 938 1964 quam
965 1893 1070 1951 leviter
1090 1894 1173 1951 multi
1194 1913 1310 1969 eorum,

267 1984 316 2056 qui
338 2000 415 2038 rrum
436 1990 526 2037 artem
547 1977 671 2034 criticam
692 1986 828 2046 tractent,
851 1997 914 2034 eam
936 1989 1098 2036 exerceant.
1136 1998 1202 2036 cum
1229 1981 1310 2036 euim

267 2067 366 2141 optimi
395 2084 428 2122 ec
454 2063 571 2136 plurimi
598 2061 664 2118 libri
686 2058 737 2117 hic
752 2063 886 2133 scriptum
906 2060 1064 2120 lrobereut:
1109 2061 1202 2130 multu
1222 2066 1312 2121 etium
1425 2122 1426 2142 ,

213 2167 214 2174 ’
266 2150 388 2209 haeum
407 2162 433 2206 et
454 2143 598 2206 coturnode
619 2142 697 2204 dictu
717 2148 871 2202 meritoriae
891 2143 1081 2219 munditiam,
1103 2149 1197 2220 'plauci
1227 2149 1311 2222 iique

265 2235 382 2310 pessimi
404 2234 468 2290 libri
489 2235 576 2288 etium
596 2228 763 2304 particulam
785 2232 961 2302 omitterent,
982 2232 1107 2305 primum
1129 2229 1312 2306 Goererrzius

265 2323 297 2376 in
319 2337 437 2376 censura
464 2316 596 2374 editionis
618 2312 855 2372 Gernlrardiause
883 2309 1022 2392 (Ausul.
1046 2310 1153 2388 philol.
1181 2329 1208 2374 ct
1234 2339 1311 2391 pue·

168 2447 170 2458 ,
266 2397 372 2477 ditgog.
402 2407 493 2461 1826.
527 2399 586 2458 vol.
618 2399 641 2456 l.
669 2398 738 2456 fasc.
766 2396 806 2456 lt.
836 2419 866 2472 p·
897 2396 1000 2478 iet),
1034 2399 1137 2459 deiude
1164 2403 1250 2459 etiam
1273 2399 1310 2460 G.

266 2486 389 2546 Beierus
410 2486 483 2544 etl.
507 2481 541 2543 G.
569 2481 699 2542 Orellius
726 2483 892 2540 eliciendam
925 2483 1092 2556 particulam
1122 2487 1312 2546 existimave-

264 2584 341 2631 ruut.
369 2573 527 2646 quiquam
558 2569 741 2626 temerarium
763 2567 899 2626 iudicium
921 2568 1049 2640 feceriut,
1071 2590 1129 2628 uou
1151 2570 1245 2628 solum
1268 2591 1311 2629 ex

265 2678 301 2716 eo
322 2659 390 2714 onis
411 2657 524 2714 criticae
546 2663 705 2727 praecepto,
730 2651 806 2725 qarod
828 2663 906 2710 vetat
927 2653 1015 2711 libros
1035 2654 1126 2712 bonos
1147 2654 1311 2729 posthaberi

265 2742 350 2800 malis
371 2743 425 2797 uisi
447 2748 566 2814 urgente
587 2757 619 2795 re
640 2757 673 2794 ac
693 2737 879 2812 necessitate,
911 2757 1011 2796 verum
1038 2740 1125 2797 etiam
1162 2760 1201 2797 ex
1229 2741 1310 2798 oroui

265 2825 353 2884 lrrrius
373 2824 425 2881 loci
448 2826 556 2881 ratione
576 2821 661 2880 focile
682 2825 867 2896 cognoscitur.
903 2841 970 2880 uam
992 2843 1050 2881 nou
1078 2823 1170 2883 voluit
1192 2821 1311 2882 Tullius

266 2913 337 2968 duras
358 2929 404 2965 res
426 2907 472 2965 lric
492 2909 531 2966 ita
552 2907 784 2980 cominemorari,
807 2915 838 2963 ut
859 2907 960 2964 eadem
979 2909 1125 2982 utriusque
1147 2909 1193 2966 vis
1218 2919 1307 2984 esset,

265 2994 317 3051 sed
335 3011 430 3052 ,tritam
457 3011 521 3049 cum
550 2991 714 3064 simpliciter
740 2991 896 3064 prosilisset,
924 2991 1044 3050 alteram
1076 2995 1115 3051 ita
1136 2992 1253 3065 adiecit,
1276 3005 1310 3052 ut

265 3080 369 3136 diceret
392 3096 447 3134 nou
470 3076 555 3134 modo
576 3075 648 3133 illud
670 3075 757 3148 prius,
771 3094 834 3132 esse
856 3076 977 3147 lactum,
999 3077 1049 3134 sed
1071 3077 1148 3152 quod
1171 3079 1310 3136 maiorem

264 3163 396 3220 videatur
422 3163 482 3220 vim
510 3159 632 3230 habere,
662 3161 748 3216 etiam
777 3159 898 3218 alterum
927 3164 1071 3219 accesisse.
1128 3160 1215 3237 Quod
1242 3182 1308 3220 cum

265 3247 354 3305 vellet
377 3247 490 3319 dicere,
521 3245 677 3302 rectissime
698 3245 824 3316 scripsit:
846 3243 937 3302 uiuite
958 3241 996 3302 ub
1016 3267 1049 3303 eo
1064 3243 1227 3318 prudenter
1247 3244 1308 3304 dis·

260 3343 379 3404 puteus,
401 3329 493 3387 resulta
514 3331 601 3389 etium
620 3325 741 3384 breuiter
761 3341 788 3384 et
808 3326 952 3387 commode
964 3326 1042 3388 dictu
1058 3333 1213 3388 nemmem
1223 3353 1309 3390 muu-

196 3454 203 3466 .
265 3411 389 3485 dabam,
417 3415 436 3470 i.
460 3434 485 3470 e.
507 3433 565 3470 arou
586 3412 679 3470 solum
701 3432 750 3469 ess
771 3431 832 3482 res,
863 3433 935 3486 qtras
957 3414 1028 3489 ille,
1061 3435 1136 3489 quae
1163 3427 1224 3473 eret
1244 3418 1310 3474 eius

265 3500 381 3558 scientia
394 3499 477 3572 iuris,
498 3498 640 3570 copiosius
661 3496 826 3570 disputavit,
848 3518 950 3556 verum
972 3500 1058 3556 etiam
1079 3519 1125 3574 ea,
1147 3520 1221 3573 qrrae
1243 3500 1308 3560 bre·

265 3585 339 3641 viter
360 3595 388 3641 et
409 3581 556 3641 commode
578 3581 673 3652 dixit,
703 3583 841 3639 taetrioris
868 3582 1017 3641 custodivi.
1051 3585 1095 3640 sic
1126 3586 1154 3641 iu
1176 3584 1306 3644 eiusdem

264 3669 346 3728 verbi
373 3669 555 3741 repetitione,
586 3667 611 3722 si
637 3665 832 3737 resistebat,
860 3685 946 3740 saepe
977 3667 1063 3724 locuti
1084 3679 1151 3726 suut
1172 3666 1308 3727 Rotnani.

265 3755 302 3810 cl'.
324 3775 369 3826 ep.
404 3749 447 3809 ad
469 3750 570 3832 Quint.
590 3750 692 3829 frutr.
721 3748 770 3806 lib.
795 3747 817 3806 l.
841 3771 888 3822 ep.
910 3760 940 3810 3.
964 3753 994 3826 ᾗ.
1015 3757 1043 3811 5.
1067 3752 1112 3811 ed.
1137 3750 1231 3811 Orell.
1258 3751 1312 3811 sed

266 3857 318 3910 ego
339 3834 413 3913 quid
429 3855 539 3910 sperma
558 3854 618 3890 uou
638 3829 769 3908 dispicio,
791 3855 856 3892 cum
870 3837 981 3893 inimici
999 3835 1158 3909 plurimum
1178 3834 1306 3910 culeum,

266 3923 353 3978 amici
367 3923 480 3993 purtim
508 3917 682 3976 deseruerint
703 3940 761 3990 me,
783 3922 895 3992 purtim
921 3923 1007 3977 etium
1028 3919 1225 3994 prodiderim.
1254 3922 1307 3981 tib.

266 4001 302 4062 de
322 4002 411 4062 divin.
433 4005 455 4061 l.
478 4024 501 4062 c.
524 4001 574 4063 tt.
597 4005 630 4079 ἦ.
656 4010 707 4062 93.
749 4000 829 4082 quod
852 4002 887 4062 ob
913 4002 1033 4063 eandm
1058 4026 1189 4064 cuussruu
1215 4005 1309 4064 multu

265 4091 407 4147 inusitato
427 4091 540 4162 purtim
561 4109 576 4146 a
596 4086 691 4158 crocle,
720 4087 783 4145 (eliu
803 4109 843 4146 eoo
862 4101 943 4147 terra
962 4088 1144 4163 criebuuuu,
1165 4089 1309 4170 quaedum

264 4177 352 4232 etium
371 4194 412 4232 ex
431 4169 576 4232 heroicum
590 4169 766 4246 pecudumve
784 4187 921 4248 conceptu
940 4187 968 4232 et
987 4188 1081 4249 oratu„
1103 4175 1151 4236 obi
1173 4196 1237 4236 cum
1260 4195 1309 4237 res
