2864 4942
231 352 275 420 sa
346 343 837 422 nnnornnionas
881 341 1153 456 capitor,

234 559 300 603 mus
323 543 453 602 dubitare
474 541 545 615 quin
562 537 636 598 inec
659 537 804 613 probanda
826 539 863 596 sit
887 539 1024 612 scriptura
1051 539 1136 598 etiam
1161 557 1177 598 e
1203 542 1288 598 testi·

227 624 332 687 'monio
353 629 500 686 libroruin.
543 628 576 682 in
604 623 719 702 reliquo
746 621 888 694 (innodo,
911 644 998 696 ([ιιειιι
1026 623 1063 680 ad
1077 621 1207 696 ¹modurn
1231 641 1293 683 uos.

236 715 554 786 scripairnus,-tuerrtrrr
574 709 638 766 libri
662 700 829 778 Berrieusis,
853 706 1039 779 Basiieensis,
1062 710 1111 781 qrri
1135 711 1168 765 in
1190 709 1287 767 Grae-

236 801 283 857 ein
307 797 420 876 reliquo
445 798 579 868 scripturn
607 791 709 867 habet,
738 793 856 850 i'iuriob.
885 790 909 850 l.
943 789 1073 849 Vindob.
1093 791 1286 852 ltxflaeuel.

217 880 440 955 'Oxorrieuses,
467 890 500 938 ut
524 878 655 950 videtur,
682 896 798 949 omnes,
828 874 1103 958 Guelpherbytanus
1124 875 1176 951 ll„
1198 880 1288 937 ceteri

238 965 488 1042 Guelph'erbytaui
509 964 564 1036 ipsi
585 981 699 1035 ortoque
721 963 824 1035 partim
844 964 876 1018 in
901 960 1009 1018 Gretio'
1023 961 1153 1040 reliquo,
1180 965 1288 1036 partim

139 1061 145 1078 “
236 1051 350 1130 reliquo
369 1053 402 1107 in
425 1047 537 1108 Graiu.
560 1066 635 1104 rurus
655 1049 691 1107 in
704 1045 808 1104 Grecio
829 1048 891 1104 toto
912 1045 1019 1124 reliqui
1036 1045 1287 1121 scriptum'hsbet,

238 1137 362 1208 denique
383 1135 469 1191 etiarn
481 1130 662 1189 Dresdeuses
682 1131 747 1188 libri
764 1140 905 1204 receptam
927 1133 1095 1204 scripturam
1114 1131 1288 1204 defendunt,

238 1221 278 1277 ita
296 1230 328 1277 ut
343 1221 375 1275 iu
390 1216 504 1294 reliquo
517 1255 518 1262 ι
529 1211 654 1274 Graecia
674 1233 788 1273 summa
811 1215 953 1273 'iibrorum
975 1213 1160 1273 consensione
1180 1215 1287 1274 confir·-

239 1313 351 1376 metur‚
374 1322 448 1376 uriae
470 1300 595 1374 profecto
621 1313 678 1356 uon
700 1311 778 1358 teuta
799 1309 897 1372 esset,
913 1301 937 1359 si
959 1319 999 1358 ex
1020 1299 1192 1374 glossemate
1213 1299 1287 1359 haec
1310 1373 1315 1382 ¹

169 1451 171 1459 ,
240 1388 377 1460 scriptura
415 1395 490 1443 esset
522 1395 582 1442 orta
615 1405 708 1457 neque
733 1405 773 1442 ex
802 1387 919 1458 antiquo
950 1385 1022 1441 libro
1053 1385 1083 1441 in
1112 1385 1286 1444 recentiores

240 1483 362 1544 recepta.
385 1470 421 1528 de
433 1480 491 1527 tota
507 1479 603 1526 autem
616 1467 703 1526 hrrius
716 1469 769 1526 loci
782 1471 890 1526 ratione
907 1479 982 1527 recte
994 1469 1149 1543 disputarit
1161 1467 1287 1528 Beierus

241 1558 271 1612 in
283 1554 359 1611 hrruc
370 1555 502 1612 modum:
523 1550 723 1628 „Auctoribus
735 1549 895 1611 Goerenzio
911 1551 1041 1631 (Arroni.
1052 1549 1157 1626 philol.
1175 1567 1202 1610 et
1209 1575 1287 1628 poe·

241 1637 599 1713 drugog.v01.t.‘tasc.lt.
617 1655 646 1712 p.
665 1635 789 1712 initiet
807 1635 955 1713 Madvigio
973 1633 1153 1716 (Eritendott.
1170 1641 1203 1694 in
1222 1638 1285 1698 Gtcz

242 1722 331 1782 libros
345 1719 561 1797 philosrnrlricos
581 1715 647 1799 (sic)
667 1721 700 1779 P.
719 1720 743 1778 1.
761 1743 789 1796 p.
806 1728 867 1781 194
877 1741 940 1796 squ.
964 1721 1013 1779 iiia
1032 1731 1141 1780 tautum
1157 1743 1228 1780 unm
1243 1752 1288 1765 -·

240 1829 301 1866 noo
316 1805 421 1865 hubent
440 1804 601 1881 parenthesi
618 1805 914 1881 cornpree'hendiruus,
932 1817 963 1864 ut
982 1807 1034 1865 ista
1051 1806 1165 1884 puiiern
1181 1837 1223 1852 —
1234 1827 1288 1864 rre-

241 1895 365 1950 ntinem.
382 1931 390 1948 .
407 1894 565 1964 oeeepimm
583 1893 787 1948 constructione
806 1890 984 1948 coiraereant.
1028 1889 1122 1954 Aliud
1133 1891 1209 1948 enim
1227 1893 1287 1949 ista

242 1996 295 2034 nec
311 1975 425 2041 habeut,
445 1975 522 2049 quod
543 1986 705 2048 repetatur,
728 1976 866 2047 verbum,
893 1995 962 2046 uec,
989 1977 1013 2033 si
1032 1993 1174 2048 proxume
1200 1995 1286 2050 prce·

149 2131 153 2135 ι
242 2063 374 2132 cessisst,
395 2062 493 2133 repeti·
512 2071 608 2134 posset
634 2062 663 2116 iu
687 2059 742 2133 hac
762 2061 913 2117 verborum
936 2062 1075 2117 iunctura.
1119 2057 1224 2133 Neque
1246 2061 1284 2118 ad

242 2139 297 2202 iiia·
311 2145 454 2218 superiora
476 2143 522 2200 Te
540 2156 635 2200 rentem
653 2143 713 2202 olio
729 2141 854 2222 quodum
876 2141 962 2202 modo
979 2183 1009 2202 ..
1027 2147 1182 2217 sapientem
1200 2161 1286 2218 repe·-

242 2240 304 2289 tere
320 2230 385 2286 licet
403 2231 505 2295 sciurus
519 2227 697 2301 appellatum
713 2249 780 2300 esse,
804 2230 977 2304 interpositis
991 2225 1185 2287 Nomiuatiris
1198 2225 1288 2305 (Atta

222 2313 301 2386 ,iius
329 2323 358 2371 et
384 2309 489 2392 cmo),
521 2313 572 2370 sed
594 2311 723 2370 Fannius
745 2315 900 2370 orationem
926 2315 966 2370 sic
989 2333 1132 2387 exorsus,
1155 2325 1186 2370 ut
1210 2312 1288 2371 ninii

243 2397 367 2470 amplius
394 2408 591 2470 expectaretur
612 2409 723 2474 praeter
738 2400 935 2472 emistnmunt,
960 2397 1037 2471 qrrod
1053 2399 1147 2471 ipsum
1167 2399 1289 2476 quidam*

242 2481 323 2539 codd.
341 2481 533 2556 strperioribus
544 2477 619 2539 VV.
639 2481 784 2554 adiiciunt,
806 2481 937 2556 pluribus
952 2484 1126 2560 interpositis
1147 2501 1211 2539 eam
1227 2485 1286 2540 im:

162 2627 164 2635 ,
242 2567 365 2624 marcuit
387 2577 429 2637 et,
456 2585 545 2638 qurum
569 2565 747 2644 prioralaiiis
767 2567 862 2623 verbis
887 2561 982 2644 (hauc
996 2569 1029 2623 in
1047 2580 1080 2623 te
1097 2564 1284 2648 sapientiam)

241 2652 401 2724 repetisset,
418 2652 581 2708 terruinavit
601 2651 713 2708 omiss!
736 2651 895 2723 particulis,
917 2661 992 2728 quae
1013 2653 1169 2709 orationem
1184 2653 1214 2708 in
1236 2667 1286 2708 or-

242 2734 338 2792 dinem
355 2735 449 2792 redire
466 2733 673 2809 significarent:
693 2735 770 2792 unde
785 2747 845 2793 orta
863 2736 1004 2809 qrraedaru
1026 2737 1160 2808 orationis
1171 2747 1285 2810 pertur-

241 2820 328 2876 batio.
373 2817 450 2876 Satis
480 2820 627 2892 perspicue
647 2829 749 2876 tamen
775 2839 857 2893 prou.
886 2815 963 2877 hoste
989 2821 1030 2877 sic
1053 2821 1137 2878 initio
1158 2823 1284 2893 positum

139 2942 141 2945 -
178 2900 181 2918 ¹
241 2902 381 2961 siueuiis
412 2903 781 2976 coniunctionis'partientis
807 2903 948 2978 significat
971 2901 1117 2962 orationis
1135 2905 1172 2962 ad
1194 2916 1284 2979 supe-

242 2990 316 3045 riore
343 2985 464 3044 reditum
488 2996 517 3044 et
533 3001 610 3044 'corn
637 2989 673 3044 iis
691 3007 800 3044 nexum
821 2991 1053 3055 arctissumurn.“
1154 3021 1158 3028 ·

271 3107 274 3114 «
328 3067 399 3144 Gap.
422 3068 462 3128 ll.
483 3073 557 3146 Μ
601 3058 677 3128 hisne
697 3075 800 3129 essein
820 3086 848 3130 te
864 3075 1035 3146 sapientium
1057 3060 1284 3148 existimarem!

243 3157 340 3213 omnio
366 3169 419 3212 tuu
439 3158 472 3211 in
497 3169 525 3211 te
544 3158 646 3228 posito
668 3176 725 3213 esse
750 3154 839 3214 duciis
857 3153 1052 3234 humanosque
1078 3151 1161 3216 cinus
1179 3161 1284 3216 vir-tm

241 3241 502 3320 infmioresputes.
544 3239 621 3312 quod
638 3259 692 3314 ego
708 3239 763 3300 hoc
784 3242 845 3299 loco
860 3245 960 3314 posito
976 3263 1034 3300 esse
1046 3238 1135 3300 duem
1153 3243 1291 3316 rescripsi*

242 3344 294 3397 pro
319 3343 354 3379 eo
384 3323 461 3395 ‹prod
501 3334 543 3381 est
573 3326 603 3380 iu
635 3328 804 3384 recentiores
837 3327 976 3384 editiones
1010 3338 1154 3399 receptum
1182 3329 1284 3400 posito

187 3419 191 3434 ¹
243 3403 341 3478 docos,
363 3406 391 3463 id
412 3425 498 3464 rreruo
517 3406 715 3481 reprehendet,
737 3413 786 3486 qui
804 3411 980 3468 intellexerit
1005 3411 1143 3468 libroruin
1160 3413 1284 3470 arroteri-

243 3503 328 3549 tatem
347 3493 432 3550 etiarn
453 3493 480 3547 iu
501 3493 586 3550 rebus
609 3496 726 3552 minutis
742 3515 799 3551 uou
823 3515 886 3554 esse
908 3497 970 3552 sine
989 3497 1063 3553 iusta
1085 3515 1184 3554 corrasa
1210 3514 1282 3572 ueg-

128 3603 141 3626 κ
173 3591 179 3596 ·
241 3573 386 3650 iigenium
394 3617 403 3648 ,
429 3579 598 3650 praesertim
626 3580 650 3636 si
674 3581 812 3637 sententia
837 3579 909 3636 iilud
932 3581 1042 3652 ipsum,
1075 3581 1225 3656 qirod‘est
1251 3582 1283 3638 iu

242 3661 323 3718 iibris
347 3663 478 3734 optimis,
507 3663 531 3718 si
555 3681 612 3720 uon
643 3668 786 3736 requirat,
809 3673 837 3721 at
862 3664 964 3722 saitem
992 3665 1074 3722 ferat.
1118 3664 1164 3722 hic
1186 3675 1283 3724 arrtem

243 3745 307 3802 iibri
335 3765 409 3820 pene
431 3765 529 3804 ornnes
561 3757 676 3804 tuentur
702 3747 733 3804 iri
755 3748 833 3820 quod
860 3758 903 3805 est
928 3751 1100 3826 repositum,
1123 3761 1156 3808 ut
1180 3747 1284 3808 Erfur-

244 3831 342 3903 tensis‚
367 3829 555 3904 Basiieensis,
579 3827 746 3903 Beruensis,
763 3830 997 3891 vindobonensis
1014 3831 1050 3907 l.,
1073 3831 1284 3893 vindobonen-

244 3915 284 3969 sis
304 3909 352 3987 ll,
377 3913 591 3989 Haeneiiauus,
617 3913 802 3975 Oxouieuses
828 3928 940 3990 praeter
965 3939 1056 3996 nnrpn
1087 3937 1202 3991 omues,
1221 3917 1283 3976 Be-

244 3997 403 4056 roiiueuses
413 3998 473 4056 fere
486 4019 595 4071 omues,
607 3997 787 4059 Dresdenses
808 4003 926 4078 aliique,
947 4013 1081 4077 excerpta
1092 4001 1204 4078 Reice,
1221 4003 1283 4062 edt-

245 4082 336 4140 tiones
354 4079 489 4156 Rogerii,
512 4083 664 4156 Lambini,
692 4083 767 4144 Petri
792 4083 914 4145 Suffridi
938 4087 1127 4164 aiionrmque.
1171 4090 1284 4148 sivero
1313 4086 1315 4092 ’

244 4167 274 4224 in
294 4167 464 4241 quibusdam
481 4168 560 4227 libris
584 4187 642 4226 esse
661 4171 799 4232 omission
816 4183 874 4245 est,
902 4171 932 4230 id
947 4171 1050 4248 'potuit
1070 4183 1187 4249 propter
1200 4191 1282 4234 com·
