2868 4958
251 399 294 464 ³0
622 395 946 466 LAELlUS

172 672 175 686 Ι
250 587 392 680 quidem
408 586 674 677 repudiandae,
700 593 863 658 vetustas
879 596 999 656 tmnen
1023 589 1105 658 loco
1122 612 1192 659 suo
1209 604 1296 659 oon-

245 690 449 764 seruauda:
473 690 637 761 ¹mamma
663 695 719 760 est
744 689 840 759 enim
865 691 920 760 vis
936 690 1126 762 vetustatis
1152 698 1190 760 et
1209 717 1296 761 ooni-

249 791 461 862 suetudinis.
491 791 615 868 uuio
641 789 684 858 in
704 791 783 880 ipso
802 813 912 882 equo,
941 792 1043 860 ouius
1070 794 1179 862 modo
1195 816 1296 862 men·

250 893 383 963 tionem
408 893 499 980 leui,
521 895 557 962 si
577 893 676 960 nulla
693 915 753 978 ees
771 893 962 982 impediat,
988 915 1096 962 nemo
1115 901 1181 980 est,
1208 897 1295 985 quin

249 1011 312 1078 eo,
347 1016 417 1084 quo
445 995 654 1079 oonsuevit,
688 993 869 1063 lubentius
896 1001 1019 1070 utatm·
1050 1015 1157 1084 quum
1184 997 1295 1064 intra-

248 1103 345 1166 ctato
373 1103 407 1162 ot
423 1117 538 1165 novo:
567 1111 737 1165 neovero
765 1094 915 1180 inimo,
942 1096 1039 1185 quod
1065 1106 1123 1165 est
1147 1098 1295 1184 animal,

248 1198 315 1266 sed
341 1197 377 1264 iu
404 1197 448 1268 iis
475 1198 724 1287 utiam‚'quaa
741 1202 833 1266 ‘sunt
859 1197 1074 1288 inanimata,
1102 1207 1294 1268 eonsuetu-

248 1298 295 1366 do
322 1298 442 1368 videti
471 1321 554 1368 oxum
574 1299 670 1368 iocis
696 1297 1049 1386 ipsis'deleotemm··,
1092 1301 1295 1370 montuosis

248 1399 356 1470 etiam
381 1409 418 1468 ot
451 1398 696 1486 silvestribus,
730 1399 767 1468 in
800 1399 931 1490 quibus
968 1399 1102 1468 diutius
1134 1423 1295 1470 commo·

247 1500 317 1570 ruti
341 1523 502 1572 suiuus,-
1078 1514 1080 1516 ’

261 1727 264 1738 ι
320 1739 321 1744 1
348 1685 410 1758 69.
445 1685 521 1758 Sed
547 1685 745 1758 maximum
768 1690 822 1756 est
837 1684 873 1755 in
889 1683 1044 1755 amicitia
1070 1707 1192 1775 parem
1208 1708 1293 1757 esse

176 1864 180 1870 ,
246 1785 409 1858 inferiori
425 1787 666 1878 superiorem:
687 1793 806 1877 saepo.
819 1787 915 1856 euim
930 1786 1166 1856 excellentiae
1180 1811 1291 1878 quae-

246 1889 331 1960 dam
355 1896 458 1974 sunt,
492 1889 609 1980 qumlis
635 1895 713 1956 erat
738 1885 921 1977 Scipionis
940 1889 990 1966 ¹in
1021 1895 1147 1960 nostro
1173 1897 1213 1960 ut
1238 1890 1292 1958 ita

241 1990 364 2060 'dicam
390 2013 515 2082 grege.
566 1999 761 2080 numquam
786 2011 828 2058 se
854 1989 915 2058 ille
940 1986 1066 2076 Philo,
1094 2011 1288 2080 numquam

241 2083 413 2182 Rupilio,
439 2089 631 2182 numquam
646 2089 821 2160 Mummio
844 2092 1067 2180 anteposuit,
1095 2115 1288 2183 numquam

245 2193 428 2281 inferioris
454 2194 591 2264 ordinis
617 2193 770 2277 ainiois„
806 2191 853 2268 (l.
876 2215 965 2262 uero
987 2189 1187 2264 Maximum
1213 2195 1288 2264 i'ra·

245 2305 354 2380 trem,
389 2297 580 2388 egregium
610 2295 727 2362 virum
761 2294 926 2379 omnino,
960 2285 1030 2365 sibi
1062 2315 1289 2386 nequaquam

246 2417 390 2484 panem,
431 2396 528 2486 quod
567 2395 598 2464 is
632 2395 793 2464 anteibat
828 2402 967 2481 aetate,
1007 2403 1189 2486 tamquam
1227 2419 1288 2468 su·

244 2496 423 2585 periorem
465 2497 625 2582 colebat,
666 2517 823 2587 suusque
864 2497 981 2566 omnis
1021 2519 1086 2586 pou
1123 2521 1164 2590 se
1205 2521 1291 2585 esse,

244 2599 437 2687 atnipliores
464 2599 621 2667 volebat.
687 2599 748 2668 70.
776 2595 890 2674 Quod
910 2598 1120 2668 fauciuudum
1145 2599 1286 2670 imitan-

168 2763 170 2768 ,
244 2701 401 2789 dumque
434 2705 489 2768 est
521 2699 705 2784 onmihus,
746 2706 784 2767 ut
823 2699 855 2767 si
888 2720 994 2790 quam
1028 2701 1285 2788 praestantiam

242 2800 404 2886 virtutis,
438 2801 576 2890 ingeni,
612 2801 781 2870 fortunae
806 2801 990 2869 oottseeuti
1016 2808 1116 2884 suut,
1153 2802 1284 2891 imper-

243 2902 332 2970 tiant
358 2923 403 2968 ea
428 2903 505 2970 suis
530 2901 864 2991 communicentque
899 2923 979 2970 oum
1012 2903 1205 2991 proximis3
1245 2911 1285 2972 ut

242 3003 275 3072 si
300 3003 511 3092 pauentibus
543 3003 619 3070 nati
651 3001 724 3071 sint
750 2999 960 3086 humillime,
1000 3001 1031 3072 si
1065 3005 1285 3096 propinquos

242 3101 400 3172 habeant
416 3101 669 3173 imbecilliores
683 3104 742 3171 vel
758 3101 877 3172 animo
894 3106 952 3172 vel
969 3106 1132 3190 fortuna,
1157 3120 1283 3178 eorum

241 3213 400 3296 augeant
433 3225 521 3295 opes
555 3205 679 3295 eisque
706 3204 835 3273 iuononi
861 3205 933 3274 sint
959 3214 995 3274 et
1011 3201 1205 3296 dignitati:
1244 3215 1284 3276 ut

241 3307 278 3374 in
309 3307 446 3374 fabulis
484 3303 545 3396 qui
584 3306 802 3396 aliquamdiu
842 3314 988 3394 proptu·
1019 3307 1282 3398 ignorationem

240 3405 363 3497 stirpis
389 3415 424 3474 et
450 3407 594 3497 generis
616 3407 650 3475 in
669 3407 845 3476 famulatu
871 3408 1023 3494 fun-int,
1051 3431 1131 3477 omn
1149 3411 1284 3500 cogniti

239 3518 323 3580 sunt
343 3514 380 3578 et
400 3518 464 3576 aut
480 3509 633 3576 deorum
651 3514 715 3576 snut
731 3523 858 3600 regum
872 3507 934 3577 lilii
951 3510 1103 3596 inventi,
1128 3512 1283 3580 retinent

239 3619 359 3679 tamen
385 3610 573 3680 uanitatem
599 3609 637 3678 in
662 3618 847 3700 pastores,
885 3631 977 3701 quos
1002 3619 1124 3701 patres
1152 3606 1284 3682 umltos

239 3734 353 3782 annos
380 3733 461 3782 esso
488 3709 680 3781 duxenunt.
734 3709 847 3788 duod
879 3723 934 3784 est
965 3709 1078 3782 multo
1108 3715 1280 3816 ‘proiecto

245 3980 247 3988 ’
322 3959 415 4021 ΧΙΧ.
445 3965 476 4037 §.
496 3970 547 4024 68.
589 3959 652 4022 loco
674 3969 737 4036 suo]
765 3984 818 4021 suo
839 3961 910 4022 loco.
964 3963 1033 4036 quin
1056 3965 1085 4020 iu
1108 3967 1182 4037 ipso]
1211 3967 1281 4042 quia

203 4049 311 4121 -ipso,
354 4049 436 4122 quin]
460 4050 510 4126 qui
529 4069 599 4105 amc.
642 4047 811 4126 inominata]
833 4051 974 4105 inanima.
1019 4049 1110 4122 Μ).
1134 4065 1194 4122 par.
1217 4069 1281 4106 esso

237 4129 328 4190 inser(
344 4129 536 4211 superlatum]
550 4135 731 4206 superiorum
748 4153 852 4206 posse
872 4133 1020 4210 itrfenioni.
1055 4134 1086 4207 §.
1098 4141 1149 4194 70.
1173 4135 1280 4192 iaciun-

238 4212 317 4297 dmu]
332 4215 517 4298 jaciendum.
561 4218 638 4292 quud
660 4231 702 4276 est
720 4218 824 4294 uutdto]
847 4214 928 4294 quod
947 4216 1047 4276 inuno.
