2850 4940
225 265 287 336 aa
327 257 828 367 annosas-ronan
856 256 1053 348 ospxrx.
1077 261 1180 348 aar.

224 457 376 515 iacturam:
397 454 547 512 notarim
566 470 693 529 praeque
715 481 755 496 -
776 471 835 508 esse
848 446 948 510 debeat
961 453 1157 524 serenissimae,
1179 466 1280 526 qnam

226 560 328 600 omnes
347 539 408 598 sere
429 537 517 596 secani
539 547 631 607 erarrt,
653 535 873 607 commendavit,
896 548 925 593 et
945 537 969 594 si
983 557 1084 594 verum
1097 536 1171 596 illud
1182 546 1279 609 esset,

226 624 305 700 quod
326 633 369 682 est
390 625 419 680 in
442 620 523 679 libris
544 621 691 692 omnibus,
714 641 765 695 per
786 621 980 678 attractionem
1002 641 1067 678 carin
1087 618 1194 678 Beiero
1211 641 1281 686 ‚ex-,-

226 708 390 784 plicenrlnm
417 707 603 764 existimavit.
645 704 696 762 illa
724 714 820 762 nartem
847 707 991 776 attractio,
1025 725 1081 778 qun
1103 707 1281 764 vamme

185 813 188 818 ⁴
228 813 356 872 quaeque
381 823 424 834 -
450 811 507 848 esse
534 786 634 846 deberet
659 792 829 853 nmoieeima
855 801 970 862 propter
997 790 1143 846 interiecta
1164 791 1277 848 verba:

227 889 262 936 nt
283 897 318 934 eu
338 878 416 946 nina,
444 895 518 952 qnae
537 873 835 952 mnumemferrmt,
857 873 929 930 dicta
952 875 1134 942 existimant,
1158 885 1187 931 et
1208 879 1280 946 ipsa

229 979 282 1035 per
303 979 366 1018 sese
388 959 474 1018 valde
496 958 616 1015 absurda
638 968 700 1031 est,
723 959 800 1030 quod
814 959 842 1014 in
857 955 903 1016 his
923 959 993 1031 ipsis
1014 959 1280 1031 cornparationibua

230 1045 426 1102 discernantur
446 1043 560 1116 singula
581 1041 648 1117 illa,
669 1061 744 1115 quae
765 1044 839 1100 inter
859 1061 890 1099 se
911 1053 1126 1116 comparantur,
1156 1061 1280 1101 necesse

231 1138 287 1200 eet,
309 1147 361 1186 nec
381 1128 440 1184 illis
461 1125 615 1200 exemplis,
638 1147 712 1200 quae
734 1126 823 1183 rnulta
845 1127 939 1184 attulit
959 1123 1083 1186 Beierus
1103 1128 1132 1182 in
1147 1127 1280 1184 editione

182 1235 191 1258 ν
231 1214 343 1276 minore
364 1233 393 1284 p.
416 1219 484 1282 st„
506 1209 639 1268 effectum
662 1221 705 1268 est
725 1221 756 1267 nt
781 1207 887 1268 Latina
909 1209 1049 1268 videatur.
1094 1211 1163 1283 quin
1186 1212 1280 1268 etiam
1358 1267 1360 1270 ,

231 1298 294 1371 ipse
315 1293 440 1354 Beierus
459 1295 574 1353 videtur
593 1293 666 1352 harre
687 1294 851 1368 explicandi
871 1296 1008 1352 rationem
1028 1295 1145 1352 missam
1159 1294 1278 1369 iecisse,

232 1381 311 1456 quod
332 1400 396 1438 eam
418 1381 447 1436 in
470 1379 594 1439 editione
615 1373 723 1436 maiore
745 1398 781 1436 ne
802 1379 1035 1438 commemoravit
1056 1378 1189 1451 quidem,
1211 1398 1279 1436 cor.-

233 1466 388 1529 rectionem
408 1463 553 1537 quandam
575 1461 703 1526 adhibuit
723 1463 818 1521 verbis
837 1463 1011 1536 faciliorem,
1034 1482 1134 1536 reapse
1152 1463 1294 1539 ineptior·-

234 1567 307 1606 rcm.
337 1548 518 1606 scribendum
539 1549 616 1605 enim
629 1548 756 1622 putavit:
778 1549 929 1604 naeniam
945 1567 1083 1624 quaeque,
1104 1559 1183 1604 ntea
1193 1549 1278 1618 nina,

135 1681 140 1686 .
235 1653 310 1710 qnae
324 1645 488 1690 menatem
494 1631 615 1711 ferunt,
637 1629 717 1689 debet
727 1652 784 1689 esse
797 1633 975 1703 nmnisama,
997 1651 1172 1704 quamquam
1185 1632 1277 1690 verba

235 1713 316 1774 {lebet
336 1737 394 1774 esse
414 1705 571 1778 adventicia
593 1714 702 1776 habuit.
747 1717 783 1773 de
804 1715 967 1773 omittendis
986 1714 1032 1775 his
1048 1709 1149 1773 verhia
1157 1717 1279 1789 cogitari

235 1820 293 1857 eron
317 1810 408 1874 potest
429 1819 482 1858 nec
502 1819 575 1873 opus
596 1811 639 1857 est
655 1797 753 1858 Beieri
774 1797 851 1856 hunc
873 1809 1013 1870 errorem,
1037 1800 1086 1872 qui
1108 1819 1164 1856 non
1186 1799 1277 1874 longe

237 1883 316 1942 abeat
337 1884 373 1941 ab
394 1884 504 1942 insania
525 1883 667 1957 quadam,
692 1883 835 1941 refellere.
879 1883 928 1940 illa
951 1895 1044 1942 atatem
1067 1885 1200 1942 correctio
1220 1881 1278 1942 hoo

236 1966 298 2030 loeo
320 1969 466 2042 periuepta
487 1979 541 2041 eat,
563 1987 628 2024 erran
650 1969 883 2041 et-prneceseerit
901 1987 1037 2026 numerus
1060 1967 1192 2040 plenalia:
1215 1988 1278 2026 raon

236 2053 312 2109 caim
331 2049 432 2110 debeat
453 2072 510 2110 esse
530 2054 724 2112 amicitiorem
750 2054 823 2110 sima
850 2051 978 2108 alifanum
1003 2072 1100 2108 rerum
1120 2054 1277 2122 satietates,

238 2145 267 2194 et
293 2137 323 2194 in
350 2137 412 2210 ipse
440 2138 619 2194 contentione
644 2136 764 2209 pluralis
792 2156 928 2194 numerus
956 2137 1088 2194 vinorum
1112 2147 1277 2208 rrsrrrpetnr.

238 2240 398 2292 quaecum
419 2222 457 2278 ita
480 2221 553 2290 siut,
581 2218 653 2277 nihil
676 2221 789 2303 violetur
813 2220 957 2295 reliquum
985 2239 1064 2292 esse,
1097 2221 1152 2278 nisi
1175 2231 1206 2278 nt
1227 2229 1278 2278 aut

237 2304 375 2376 librorum
406 2305 566 2374 testimonio
592 2309 780 2372 assentiamur
806 2314 855 2370 anit
881 2303 994 2372 Erasini
1016 2305 1154 2376 rationem
1176 2305 1277 2378 probet·

237 2406 319 2461 mns;
343 2407 416 2463 quae
438 2407 611 2462 quemqnam
633 2389 669 2456 ab
690 2387 776 2446 huius
797 2387 850 2446 loci
872 2389 1011 2458 seruantia
1027 2389 1119 2456 aliena
1143 2409 1200 2458 non
1222 2399 1278 2464 est,

238 2481 333 2544 tamen
357 2470 426 2540 mihi
448 2471 562 2542 videtur
581 2483 676 2544 contra
698 2474 816 2544 istarum
839 2473 1043 2542 sententiarum
1061 2472 1277 2530 concinnitatem

238 2557 332 2626 facere
354 2558 439 2630 eique
460 2557 545 2632 longe
566 2556 709 2632 longeque
731 2555 922 2632 posthabenda
945 2577 1019 2631 esse,
1041 2557 1117 2632 quod
1138 2557 1277 2633 inlibris,

239 2651 378 2716 quotquot
404 2661 495 2715 usque
526 2640 562 2698 acl
588 2638 642 2710 hoc
670 2651 782 2714 tempus
810 2643 923 2708 excussi
945 2653 1010 2708 suin
1031 2675 1073 2684 -
1094 2651 1277 2712 saltitantem

239 2725 356 2804 plurimi
377 2757 434 2796 -,
452 2721 514 2782 ¹urm
535 2744 676 2782 consensu
699 2725 831 2782 omuibus
851 2725 986 2792 hahetur:
1017 2729 1166 2792 ueterrima
1192 2747 1277 2802 qaae·

241 2830 305 2888 que,
328 2823 360 2880 ut
373 2830 408 2866 ea
420 2811 498 2882 mara,
514 2829 587 2885 qaae
601 2809 888 2888 amentaterafmnat,
910 2803 967 2878 esse
981 2805 1079 2866 elehem
1099 2811 1276 2882 suavissima,

240 2902 350 2958 tantum
374 2895 451 2951 enim
472 2893 563 2966 abest,
585 2902 617 2950 ut
636 2890 691 2950 hoc
712 2907 843 2954 rrerttrum
868 2894 1049 2952 reiiciendunr
1072 2895 1123 2963 sit,
1146 2905 1177 2950 ut
1195 2894 1277 2962 modo

239 2988 315 3044 recte
337 2976 514 3050 intelligatur
534 2977 570 3048 ad
591 2975 667 3044 hunc
688 2978 782 3046 locum
804 2979 980 3054 aptissimum
993 2977 1208 3048 essevideatur·
1237 2988 1278 3050 eat

240 3061 318 3130 enirn
339 3081 391 3133 pro
413 3061 589 3132 substantivo
608 3063 730 3136 positum
753 3058 963 3138 respondetque
986 3064 1012 3130 ei
1034 3063 1110 3137 quod
1129 3064 1276 3136 praecessit

243 3139 412 3224 (satietates)
436 3157 464 3202 et
485 3145 511 3202 ei
533 3145 611 3218 quod
632 3149 761 3220 sequitur
783 3142 958 3224 (tenuitates).
1001 3143 1082 3204 hanc·
1095 3147 1131 3214 ob
1151 3167 1274 3216 caussam

240 3239 316 3286 recte
338 3231 424 3302 etiam
446 3231 475 3302 in
499 3228 641 3304 plerisque
663 3230 758 3308 libris,
781 3229 810 3298 id
832 3231 909 3304 quod
931 3250 983 3302 nos
1005 3231 1180 3305 recepimus,
1207 3233 1274 3290 ami·

241 3314 376 3380 citiarum
397 3321 460 3384 post
482 3308 581 3368 debeat
600 3333 659 3370 esse
679 3313 800 3388 legitur,
833 3336 892 3388 qno
919 3315 1030 3373 lucilius
1056 3317 1110 3372 iste
1136 3316 1276 3390 genitium

178 3459 179 3462 Ἴ
241 3397 330 3470 possit
351 3394 387 3452 ad
408 3396 558 3465 peterrima
578 3417 705 3474 quaeque
725 3395 810 3467 trahi.
854 3420 910 3471 qua
933 3420 964 3458 re
985 3399 1035 3466 illa
1062 3401 1160 3474 gravis
1187 3397 1274 3456 Geru-

242 3477 333 3556 hardi·
357 3477 387 3536 iri
415 3479 529 3555 volgata
562 3483 699 3556 scriptura
731 3481 914 3554 reprehensio
936 3485 1112 3557 'evannescit,
1144 3483 1275 3552 latissime
1354 3482 1359 3487 '

241 3575 338 3638 patere
359 3563 433 3634 hane
454 3567 639 3644 septenninm,¹
661 3569 685 3623 si
707 3570 856 3632 nmerrima
878 3588 1004 3652 quaeqae
1023 3567 1165 3646 legamus,
1188 3585 1275 3640 neque

242 3649 283 3705 sic
304 3669 375 3722 opus
396 3649 485 3712 finisse
506 3650 638 3728 pinorum
667 3649 812 3725 exemplo.
856 3672 980 3724 namque
1007 3671 1047 3709 ex
1068 3661 1162 3722 nostra
1186 3649 1274 3724 explir

244 3732 327 3790 candi
348 3738 473 3806 ratione,
496 3753 553 3805 qua
579 3737 731 3796 veterum
753 3756 880 3813 quaeque
900 3744 966 3794 snm
987 3745 1194 3802 vetustates
1215 3753 1274 3798 ma-

242 3817 362 3888 ximae
384 3836 568 3892 quaeque,
595 3819 648 3888 ista
670 3819 759 3876 verba
782 3822 922 3898 pertinent
944 3819 980 3882 ad
1002 3821 1088 3876 istum
1110 3820 1274 3898 genitivum,

245 3900 294 3971 qui
307 3899 391 3957 modo
402 3903 555 3974 praecessit
567 3913 595 3960 et
606 3923 657 3975 per
672 3922 736 3961 sese
749 3914 840 3981 potest
856 3903 990 3978 intelligi,
1008 3923 1072 3960 cum
1084 3903 1177 3972 oannis
1189 3922 1274 3974 sermo

244 3983 423 4042 deamicitia
445 3988 498 4062 sit3
520 3987 559 4044 ita
581 3995 613 4044 nt
633 3987 719 4060 plena
742 3987 879 4046 sententia
901 3985 972 4046 haec
986 3988 1037 4046 sita
1059 4007 1128 4057 non
1151 3987 1275 4052 debent

245 4069 589 4144 esseamicitiarum
617 4072 712 4146 sicut
739 4070 896 4142 aliarqm
924 4091 1041 4144 rerqrrn
1073 4072 1272 4144 satietatem
