2868 4958
354 417 419 486 nn
442 417 710 486 notrorum.
773 413 873 486 cae.
897 421 977 486 xn.
1005 389 1008 396 ’
1142 428 1182 492 ro

71 607 74 613 ’
136 607 218 684 cuni
247 612 282 680 in
309 609 438 678 ceteris
467 608 641 698 peccatis,
685 617 760 678 tum
787 611 818 679 si
845 611 925 701 quis
952 617 1076 681 contra
1102 632 1179 684 rem

136 713 316 806 publicam
331 733 371 780 se
394 711 500 780 corrrici
521 732 653 780 caussa
673 711 806 781 fecisse
823 712 994 783 fateatur.
1047 717 1178 786 etenim

137 840 181 885 eo
208 817 310 898 loco,
337 811 453 886 Fanni
471 819 506 880 ct
521 809 722 898 Scaeuola,
750 812 860 882 locati
885 836 1028 900 sarnus,
1055 823 1095 884 ut
1111 839 1179 887 nos

135 919 243 1006 longe
255 913 460 1004 prospicere
476 921 641 1002 oporteat
654 913 796 984 futuros
812 935 920 984 celsus
934 914 988 984 rei
1003 916 1177 1004 publicae.

136 1018 286 1086 ‹letleait
318 1016 391 1084 iam
424 1015 684 1105 aliquantulum
713 1016 901 1106 despatio
928 1018 1179 1110 curriculoque

135 1116 360 1210 consuetudo
379 1116 566 1187 maiorum.
601 1114 662 1186 41.
675 1113 734 1185 Ti.
745 1111 935 1188 Gracchus
952 1137 1103 1209 regnum
1119 1137 1178 1190 oc'-
1210 1173 1212 1178 .

136 1241 271 1310 cupare
292 1224 443 1286 conatus
464 1225 538 1301 est,
565 1218 625 1286 vel
639 1217 806 1308 regnavit
822 1218 853 1288 is
876 1219 1022 1310 quidem
1041 1228 1178 1310 pauc‘os

135 1321 279 1390 mensis.
312 1341 397 1387 nuru
413 1318 496 1409 quid
512 1317 629 1395 similo
643 1319 798 1410 populus
812 1317 1000 1393 llomanus
1013 1323 1180 1393 audierat

135 1417 374 1490 aut'riderati
416 1419 524 1513 Hunc
546 1420 654 1490 etiam
670 1428 751 1509 post
768 1428 919 1490 mortem
934 1424 1051 1492 secuti
1072 1426 1180 1494 amici

135 1531 172 1592 et
188 1522 374 1614 propinqui
390 1521 476 1612 quid
489 1521 526 1587 in
540 1517 585 1592 P
593 1519 765 1612 Scipione
782 1521 965 1611 effecerint
981 1524 1060 1592 sinc
1075 1526 1177 1596 lacri-
1284 1605 1285 1610 ἵ

134 1625 205 1694 mis
220 1646 289 1692 non
308 1644 400 1713 queo
419 1623 551 1691 dicere.
603 1645 686 1690 nam
704 1619 910 1717 Carbonem
936 1646 1081 1716 quoquo
1104 1651 1177 1696 mo·

134 1727 182 1794 ‹lo
206 1725 385 1814 potuimus
405 1729 553 1814 propter
568 1732 750 1796 recentem
771 1746 925 1814 poenam
941 1717 1000 1795 Ti.
1020 1721 1179 1812 Gracchi
1221 1773 1225 1780 ·

134 1827 382 1896 sustinuimus.
457 1825 502 1892 da
542 1820 584 1894 Ο.
629 1832 749 1893 autem
791 1819 948 1896 Gracchi
995 1828 1179 1900 tribunatu

131 1929 451 2022 quid-exspectem
469 1937 541 1994 non
567 1926 667 1995 lubet
693 1927 882 2018 augurari:
911 1929 1023 2020 serpit
1049 1930 1178 2000 deindo

134 2051 214 2116 res,
240 2031 332 2119 quae
359 2028 556 2118 proclivius
578 2028 626 2096 ad
640 2029 835 2116 pernicicm
861 2051 943 2098 cum
968 2033 1081 2104 semel
1096 2056 1178 2101 coe·
1233 2107 1235 2111 Α

135 2131 189 2220 pit
214 2130 356 2198 labitur.
398 2125 540 2204 Videtis
559 2129 594 2195 in
619 2129 753 2196 tabel'a
780 2127 851 2196 iarn
879 2135 961 2198 ronta
978 2121 1111 2221 quanta
1132 2135 1178 2201 sit

134 2231 233 2301 fercla
260 2232 388 2328 Ιεὼθε,ι
409 2229 524 2320 primo
553 2223 712 2300 Gabinia
745 2229 844 2320 lege,
865 2230 1023 2300 biennio
1058 2225 1178 2302 aritem

135 2340 219 2424 post
241 2329 380 2402 Cassia.
397 2330 551 2406 xVidere
574 2331 646 2399 iam
663 2331 794 2400 videor
815 2331 986 2422 populum
1002 2355 1025 2400 a
1048 2343 1179 2404 senatu

135 2434 371 2518 disiunctum,
399 2432 634 2502 multitudinis
656 2432 804 2501 arbitrio
830 2455 890 2502 res
913 2433 1089 2506 inaximas
1107 2438 1178 2528 agi.

135 2535 258 2625 piures
295 2535 389 2602 enim
416 2534 553 2603 discent
585 2535 764 2626 quem-ad
790 2535 937 2602 modum
969 2531 1060 2605 haec
1092 2535 1179 2608 fiant

134 2627 242 2728 quam
265 2659 369 2726 quem
397 2636 615 2704 admodum
642 2634 698 2702 bis
716 2635 915 2703 resistatur.
944 2633 1028 2719 42.
1057 2635 1178 2713 liuor·

135 2760 216 2808 sum
244 2734 356 2806 haeai
380 2821 381 2824 Ἴ
408 2736 493 2828 quia
519 2735 596 2805 sinc
623 2735 732 2805 sociis
758 2757 864 2804 nemo
886 2733 1080 2826 quidquam
1107 2740 1179 2808 tale

135 2847 299 2932 conatur.
352 2837 643 2928 praecipiendum
667 2841 722 2904 est
743 2835 853 2927 igitur
877 2835 1000 2923 bonis,
1028 2846 1069 2908 ut
1088 2840 1121 2909 si
1141 2841 1180 2910 iu
1240 2835 1244 2844 ’

135 2938 343 3008 huiusmodi
357 2939 535 3008 amicitias
551 2938 668 3030 ignari
683 2937 900 3030 casualiquo
917 2937 1117 3028 inciderint,
1134 2965 1181 3012 ua

87 3051 93 3060 '
136 3041 341 3110 existiment
363 3041 414 3109 ita
434 3063 474 3110 sc
491 3040 678 3132 alligatos,
702 3047 741 3108 ut
757 3040 801 3108 ab
820 3039 946 3109 cornicis
961 3040 1003 3136 in
1025 3045 1181 3134 [urrrgna

135 3143 280 3232 aliqua]
308 3165 347 3212 ra
368 3131 513 3234 publica
535 3141 768 3232 peccantibus
787 3143 860 3208 non
883 3141 1085 3226 discedant;
1115 3145 1179 3211 im·

135 3243 260 3333 probis
283 3253 400 3312 autem
421 3265 540 3332 poena
563 3243 754 3312 statuenda
776 3248 849 3331 est3
874 3265 944 3311 nec
961 3265 1047 3311 vero
1064 3239 1182 3312 minor

115 3344 200 3437 iis,
236 3345 296 3436 qui
323 3345 437 3413 secuti
465 3353 567 3412 erunt
595 3346 765 3430 alterum,
807 3365 913 3434 quam
948 3345 993 3413 iis
1027 3345 1087 3440 'qui
1112 3347 1181 3436 ipsi

134 3445 270 3515 fuerint
291 3444 484 3536 impietatis
512 3431 634 3515 (luces.
689 3444 783 3522 (luis
810 3445 943 3514 clarior
967 3445 1004 3514 in
1022 3440 1183 3517 Graecia

136 3543 409 3616 'l'lrenristoclei
451 3546 530 3638 quis
546 3543 749 3636 potentiori
801 3547 960 3637 quicum
985 3545 1182 3634 imperator

135 3649 231 3717 bello
259 3645 411 3717 Persico
446 3647 621 3717 seruitute
649 3643 843 3717 Graeciam
874 3645 1068 3716 liberasset
1092 3671 1181 3742 pro·
1221 3729 1222 3732 Ἴ

136 3762 286 3840 pterque
313 3749 486 3818 invidiam
520 3749 555 3816 io
585 3749 751 3818 exsilium
780 3745 953 3836 expulsus
986 3756 1102 3836 esset,
1130 3751 1181 3818 in·

135 3860 263 3940 gratttc
303 3852 443 3940 patriae
484 3848 650 3918 iniuriam
692 3871 762 3917 non
798 3850 894 3933 tulit,
943 3869 1052 3940 quum
1084 3853 1182 3920 ferre

136 3952 278 4026 debuit:
304 3951 392 4021 fecit
417 3953 513 4022 idem
541 3951 638 4042 quod
655 3949 742 4028 ,ΧΧ
758 3950 861 4020 atonis
880 3949 963 4020 itote
990 3952 1087 4040 apud
1114 3976 1182 4022 nos

227 4149 302 4210 Xll.
326 4153 359 4225 ὃ.
376 4160 426 4210 41.
465 4151 625 4224 (promant
646 4145 736 4226 sacta]
759 4162 869 4226 quanto
880 4149 974 4228 ferma
994 4155 1041 4209 sia
1079 4155 1183 4226 Μ’).

138 4237 165 4293 in
189 4237 330 4295 exsilium
353 4237 493 4312 expendens
514 4234 603 4312 esset]
625 4238 657 4292 ln
678 4231 815 4323 rusilium
835 4237 911 4292 iuncta
1154 4260 1168 4277 κ

984 4333 1032 4402 2.
