2868 4958
252 364 296 434 ³2
611 355 934 430 LAELlUS

252 573 320 622 nec
346 552 376 620 si
404 551 466 642 qui
491 549 638 620 ineunte
670 551 972 623 reremaneret
996 559 1071 622 ant
1094 550 1301 641 pilaerrstu·

253 653 348 724 diesi
372 654 537 739 luerunt,
562 651 799 722 »eoeneum
822 654 1071 739 necessarios,
1106 675 1198 744 quos
1223 663 1302 724 tum

253 755 382 826 eodem
397 754 517 825 studio
532 753 717 844 praeditos
732 754 946 824 dilexerunt.
986 755 1301 827 istoenimauodo

252 857 411 927 nutrices
446 862 482 924 et
516 855 722 946 paedagogi
761 855 838 924 iure
874 854 1066 927 vetustatis
1105 855 1301 945 plurimum

254 957 529 1032 benevolentiae
555 957 804 1045 postulabunt:
833 957 894 1048 qui
920 957 1127 1048 negligendi
1153 957 1322 1047 quidem⁸

252 1082 326 1129 non
353 1065 454 1139 sunt,
481 1058 548 1128 sed
573 1057 646 1127 alio
673 1058 833 1148 quodam
857 1059 976 1128 modo.
1031 1057 1151 1127 Aliter
1176 1058 1301 1128 cimici·

254 1163 327 1229 tiae
367 1158 516 1248 stabiles
555 1166 768 1248 pertundere
807 1180 881 1236 uon
921 1165 1082 1249 possunt.
1126 1159 1302 1256 'dispares

254 1261 349 1330 enim
383 1281 502 1356 mores
530 1259 695 1350 'tlisparia
720 1257 849 1330 ‘studia
888 1268 1104 1351 sequuntur,
1144 1282 1301 1352 quorum

254 1361 508 1433 dissimilitudo
549 1353 722 1444 dissociat
757 1361 952 1450 amicitias:
993 1384 1062 1431 nec
1102 1363 1148 1432 ob
1189 1362 1301 1430 aliam

254 1484 422 1534 caussam
435 1462 547 1532 ullam
567 1463 654 1533 boni
678 1462 870 1554 improbis,
897 1463 1051 1554 improbi
1066 1463 1170 1550 bonis
1191 1463 1301 1546 amici

254 1586 336 1634 esse
369 1586 442 1632 non
477 1574 630 1654 possunt
661 1563 731 1633 nisi
765 1563 1076 1655 quodlautaest
1101 1564 1195 1633 inter
1218 1586 1299 1650 εοε,

254 1672 389 1758 quanta
415 1664 573 1736 maxima
599 1671 719 1754 potest
745 1687 846 1751 esse,
872 1665 1301 1762 moruu15studicrumque

253 1765 437 1837 distantia.
489 1763 550 1838 75.
577 1763 694 1836 Recte
712 1768 823 1849 etiarn
844 1767 1004 1858 praecipi
1019 1772 1138 1855 petest
1158 1767 1195 1835 in
1209 1766 1300 1842 ami·

254 1867 365 1952 ciliis,
392 1889 438 1936 ne
451 1867 689 1957 intemperata
704 1867 1175 1960 quaedambru'evolentia,
1197 1868 1300 1958 ‚quod

253 1989 430 2058 persaepe
445 1967 502 2054 fit,
529 1967 701 2057 impediat
720 1991 873 2059 magnas
894 1968 1068 2054 utilitates
1085 1969 1298 2050 amicorum.

208 2107 210 2114 ·
252 2093 321 2140 nec
340 2069 454 2155 euim,
481 2074 521 2140 ut
536 2069 747 2150 adfabulas
769 2070 950 2157 redeam,
964 2067 1118 2160 Troiam
1135 2067 1299 2164 Neopto-

252 2172 368 2242 lemus
384 2193 513 2261 capere
528 2171 724 2260 potuisset,
746 2171 778 2240 si
792 2171 1056 2262 Lycomedem,
1079 2172 1298 2262 apudquam

253 2282 332 2342 erat
359 2273 552 2356 educatus,
580 2261 701 2342 multis
726 2295 809 2345 cum
822 2272 1074 2345 lacrimisiter
1099 2294 1205 2358 suum
1218 2272 1297 2356 ,iur-

252 2373 457 2465 pcdientem
474 2372 600 2442 audire
617 2373 803 2444 voluisset.
838 2371 903 2458 'Et
918 2364 1030 2464 saepe
1038 2373 1212 2466 :incidunt
1225 2396 1298 2443 ‚res
1426 2429 1427 2432 ,

184 2555 193 2576 ι
252 2496 427 2568 magnae,
453 2482 494 2544 ut
519 2474 777 2547 discedendum
802 2475 848 2547 ab
875 2475 1001 2559 amieis
1027 2474 1097 2544 sita
1119 2497 1210 2567 quas
1229 2475 1297 2566 qui

252 2576 429 2668 impedire
452 2575 549 2663 velt,
590 2577 687 2668 quod
714 2575 922 2649 disiderium
948 2597 1021 2645 non
1052 2577 1162 2672 facile
1187 2578 1296 2662 ferat,
1388 2605 1392 2614 ·
1425 2671 1426 2676 ἵ

253 2678 285 2748 is
318 2685 355 2748 et
386 2675 548 2748 infirmus
581 2685 637 2748 est
669 2677 858 2769 rnollisque
891 2686 1020 2752 natura
1060 2685 1097 2751 et
1132 2679 1179 2748 ob
1213 2700 1296 2758 eam
1425 2699 1426 2741 2

252 2781 368 2869 ipsam
409 2801 576 2851 caussam
615 2779 651 2848 in
692 2779 858 2862 amicilia,
883 2801 1011 2870 parurn
1042 2776 1174 2852 iustus.
1231 2779 1293 2850 76.

251 2879 376 2971 Atque
400 2879 438 2946 in
464 2880 562 2950 omni
586 2903 626 2950 re
649 2881 950 2970 considerandum
976 2886 1032 2951 est
1057 2885 1096 2950 et
1120 2881 1294 2972 quid-pn·

252 2980 365 3079 stules
390 2981 436 3050 ab
464 2982 580 3078 amico
606 2987 642 3050 et
665 2982 750 3072 quid
768 2980 962 3082 *paliares
984 2989 1020 3052 te
1044 2981 1243 3072 impetrari.

352 3145 464 3218 XXI.
513 3145 706 3219 ‘Estetiarn
723 3151 901 3242 quaedam
928 3133 1115 3219 calamitas
1141 3149 1179 3218 in
1205 3150 1293 3219 ami·

236 3241 345 3321 ‘citiis
371 3250 590 3320 dimittendis
621 3267 696 3320 'non
729 3263 921 3342 numquam
949 3251 1293 3322 necessariarium

252 3352 347 3444 eninr
383 3373 406 3419 a
445 3350 661 3440 sapientium
686 3321 1003 3451 ⁸lamiliaritatibus
1044 3354 1091 3423 ad
1131 3353 1293 3443 volgaris

251 3451 427 3522 amicitias
444 3452 560 3544 oratio
583 3459 706 3523 nostra
724 3453 915 3524 delabitur.
952 3459 1158 3546 ‘erumpunt
1182 3475 1293 3543 saepe

250 3555 339 3624 vitia
354 3554 551 3624 amicorum
565 3560 640 3624 tum
657 3555 694 3622 in
720 3555 819 3644 ipsos
834 3555 970 3625 amico's
985 3561 1059 3625 tum
1077 3555 1117 3624 in
1140 3554 1291 3641 alienos,
1422 3613 1423 3620 ,

249 3677 403 3748 quorum
419 3664 541 3725 tamen
557 3655 755 3725 adauricos
772 3658 952 3727 redundet
977 3657 1137 3728 iufamia.
1176 3655 1292 3726 Tales

249 3757 360 3849 igitur
386 3757 568 3828 amicitiae
592 3765 677 3828 sunt
700 3756 913 3830 remissione
938 3780 1027 3829 usus
1053 3759 1230 3829 eluendae
1255 3764 1293 3827 et

333 4004 414 4067 XX.
438 4009 530 4083 Ml.
551 4009 680 4084 luerunt]
695 4011 807 4090 fuerit.
837 4012 932 4086 §.ta
954 4008 1147 4090 resmugnae]
1168 4029 1292 4085 neam

140 4135 149 4142 -
251 4113 305 4152 ras.
338 4093 374 4152 ab
390 4095 489 4156 amicis
502 4092 552 4172 sit]
574 4091 782 4156 dtobamicis.
812 4093 905 4156 xxi.
928 4091 1289 4176 §.to-eriamqraedam}

249 4181 335 4238 ctiam
351 4181 436 4258 quasi
448 4175 600 4257 quaeritura
