2850 4940
244 392 307 462 rm
343 351 829 462 nnnocnrrones
873 393 953 484 cap.
979 395 1076 464 xru.
1102 398 1137 484 §-
1160 399 1212 466 ro.

244 583 413 646 Acnrlcnn‘c.
455 583 516 639 loco
543 583 733 656 praepositum
761 583 898 655 alterum,
930 583 1050 643 eltenuu
1073 595 1135 658 post
1159 589 1287 660 positum

244 684 298 739 cst,
320 671 383 728 eius
403 668 456 724 loci
478 669 532 724 alia
555 679 598 724 cst
619 669 701 738 ratio,
723 687 789 725 cum
810 670 895 726 etiam
917 671 1061 742 participia
1074 689 1138 726 cum
1151 673 1287 729 srrbstau-

243 757 311 814 tivis
332 755 477 810 coniuncta
500 752 642 808 accedant.

330 838 448 895 Ibidem.
492 838 542 910 qui
564 837 694 890 virtutem
714 830 820 891 duram
840 847 867 890 et
878 835 1101 913 pornifemeom
1116 857 1174 894 csse
1188 859 1285 914 quun-

245 919 313 979 olum
333 920 441 977 rioluut.
484 918 529 974 liic
551 914 788 974 cinisitOrellins
809 938 874 976 cnm
897 919 968 976 libro
980 917 1142 977 Basileensi
1160 923 1284 979 verbnm

243 1007 454 1066 strbstarrtivum
477 1023 543 1072 esse,
566 1001 640 1072 quod
655 1003 706 1058 etsi
726 1001 823 1060 inultis
837 1003 906 1059 locis
923 1023 962 1060 ex
974 1003 1145 1076 glossemate
1158 1007 1187 1062 in
1201 1004 1227 1062 T
1229 1008 1286 1064 ulli

243 1091 332 1146 libros
353 1087 475 1158 irrepsit,
497 1105 553 1141 non
577 1097 670 1142 tomen
693 1082 821 1142 hocloco
838 1085 1045 1158 repudiandum
1061 1089 1181 1158 videtur,
1204 1090 1284 1161 qrrod

245 1173 391 1244 et'optimi
414 1169 477 1224 libri
500 1179 536 1225 ο1’
551 1189 607 1225 turo
629 1167 786 1240 eodemque
809 1189 908 1226 omnes
928 1170 989 1226 loco
1010 1171 1131 1227 verbum
1145 1175 1284 1244 scriptum

237 1256 368 1326 'liabent,
390 1252 470 1311 velot
494 1250 618 1323 Ersmt„
640 1249 748 1320 Berm,
771 1249 914 1325 Gordium,
936 1251 1064 1310 Vindob.
1086 1252 1124 1312 ll.
1130 1295 1141 1326 ,
1163 1257 1285 1328 quibus·

243 1361 306 1398 cum
329 1339 435 1396 faciunt
458 1335 539 1409 Aug·
554 1334 590 1406 L,
613 1333 760 1408 Angull„
784 1333 924 1408 Gotting„
946 1333 1074 1394 Vindob.
1097 1335 1134 1407 1.,
1154 1336 1282 1398 Haeoel.

242 1424 327 1484 inulti
347 1422 422 1494 apud
444 1413 579 1477 Beieruui
600 1429 628 1476 et
646 1415 846 1476 Gerultardnm
867 1419 943 1479 libri.
986 1422 1076 1493 potuit
1097 1435 1191 1478 ornem
1214 1443 1282 1496 pro-

242 1521 339 1581 pterea
362 1507 451 1562 omitti
473 1503 624 1574 facillime,
646 1502 725 1574 qrrod
744 1503 805 1558 sere
826 1502 935 1562 solebat
955 1523 1006 1575 per
1027 1505 1224 1576 compendium
1242 1509 1281 1564 ab

242 1592 365 1648 librariis
381 1588 479 1659 scribi3
502 1587 584 1659 quod.
593 1606 661 1644 vero
674 1587 702 1642 in
714 1585 793 1642 libris
807 1587 977 1658 quibusdam
991 1587 1176 1645 deterioribus
1187 1602 1281 1648 traus-

242 1677 366 1748 positum
388 1683 431 1730 cst
457 1669 510 1726 lroc
538 1671 674 1742 verbum,
701 1670 730 1726 id
751 1669 823 1726 nihil
846 1672 960 1743 probat,
988 1673 1054 1744 qrria
1076 1673 1186 1729 utiam
1208 1674 1281 1730 alias

242 1757 421 1834 significavi,
448 1753 519 1810 haec
540 1754 641 1824 verba,
669 1774 742 1834 (prae
764 1753 896 1832 librarius
917 1757 1054 1812 memoria
1076 1765 1192 1828 tenens,
1221 1777 1281 1814 non

242 1852 403 1914 respectans
430 1837 467 1894 ed
493 1837 617 1892 codicem
637 1856 722 1894 suum
754 1838 881 1913 scripsit,
912 1837 995 1896 facila
1015 1848 1168 1911 potuerunt
1188 1840 1279 1898 aliurn

239 1926 334 1984 locum
356 1939 502 1992 occupare.

325 2005 445 2064 Ibidem.
489 2015 522 2060 art
542 2015 569 2060 ct
590 1999 671 2060 donis
692 2005 778 2060 eutrici
797 2005 881 2080 quusi
901 2001 1112 2084 diffundentur
1124 2019 1151 2062 et
1168 2009 1277 2065 incom-

241 2088 333 2156 moclr's
353 2083 573 2148 contradicentem.
616 2084 665 2144 Sic
686 2107 785 2144 omnes
806 2089 882 2160 libri,
904 2093 988 2146 etiem
1004 2092 1070 2160 mei,
1092 2088 1168 2146 lrnnc
1182 2091 1278 2150 locum

242 2179 376 2248 scriptum
398 2172 514 2244 liabent,
537 2183 622 2242 atque
644 2170 684 2244 id,
708 2170 785 2243 quod
805 2171 891 2244 volgo
912 2193 928 2228 a
950 2174 1051 2230 criticis
1073 2174 1218 2245 probatum
1234 2186 1280 2234 est

241 2255 434 2340 diffundum·
443 2287 485 2299 „-
497 2248 698 2326 contrahatur,
721 2265 764 2312 est
777 2275 816 2312 ex
833 2275 890 2312 tino
901 2253 1013 2314 Manuti
1025 2257 1097 2314 libro
1108 2259 1277 2331 profectum,
1363 2263 1370 2272 '

241 2346 351 2415 inquo
374 2343 436 2398 sine
457 2338 543 2395 dubio
565 2337 658 2410 linea,
680 2353 736 2410 qrta
758 2349 904 2396 notaretur
923 2361 951 2410 n,
964 2341 1075 2412 littera,
1097 2343 1201 2398 omissa
1222 2354 1276 2402 est.

241 2427 346 2485 etenim
369 2424 535 2494 scripturam
557 2421 636 2477 illam
658 2424 803 2494 antiquam
827 2441 889 2480 esse
901 2443 957 2479 non
973 2443 1056 2497 posse
1070 2436 1227 2482 ceterorum
1238 2426 1277 2483 li-

239 2512 356 2570 brorum
387 2527 462 2564 aruris
487 2523 641 2563 cousensus
668 2505 766 2562 eflicit.
810 2507 886 2590 qrrpd
907 2527 972 2564 curn
993 2511 1032 2564 ita
1058 2509 1110 2578 sit,
1138 2507 1276 2567 librorum

239 2594 356 2668 quidem
378 2592 527 2648 auctoritas
547 2589 686 2662 postulat,
717 2601 748 2646 ut
778 2589 918 2662 pluralem
947 2611 1098 2648 numerum
1120 2603 1276 2666 antepona-

238 2698 304 2736 mus
325 2675 472 2749 singulari,
495 2673 579 2730 modo
591 2671 678 2730 huius
688 2673 741 2730 loci
754 2676 824 2730 ratio
836 2694 902 2731 eum
913 2675 997 2732 serat.
1018 2687 1085 2732 sum
1096 2689 1202 2749 entem,
1224 2679 1276 2751 qui

238 2761 413 2838 singttlarem
436 2759 517 2814 unice
538 2776 640 2814 verritu
662 2776 724 2814 esse
749 2759 963 2829 existimarunt,
988 2761 1026 2818 ita
1049 2759 1220 2819 ratiocinatio
1250 2764 1275 2819 si

238 2843 357 2920 pluralis
378 2843 530 2912 scribatur,
556 2842 714 2898 necessario
742 2845 828 2901 unrici
848 2861 943 2900 casum
966 2863 1028 2902 esse
1055 2846 1274 2921 nominativum,

239 2928 316 3002 quod
336 2925 423 2983 hrritrs
445 2925 497 2980 loci
519 2925 590 2980 ratio
612 2943 668 2980 uon
690 2925 755 2994 tert,
779 2928 830 2984 etsi
851 2925 905 2982 hoc
927 2925 1112 2984 Gernlrardus
1132 2930 1273 3000 probavit,

238 3013 309 3086 quin
330 3010 416 3068 etiam
436 3008 540 3066 salsum
563 3007 625 3064 sore
646 3010 806 3082 genitivum
827 3013 913 3068 nrrtr'ci
933 3013 1143 3084 imperitissime
1163 3013 1276 3069 iudica·

203 3137 204 3140 =
238 3099 289 3154 vit.
331 3105 366 3152 ut
384 3094 472 3166 igitur
492 3092 586 3158 urrrici
598 3110 656 3147 non
678 3093 713 3150 sit
729 3095 933 3164 nominativus,
955 3107 1088 3152 ettamen
1105 3097 1192 3153 oratio
1206 3097 1277 3153 sub-,

238 3183 342 3238 iectum
363 3181 559 3246 nanciscatur,
585 3184 688 3248 portant
713 3178 799 3232 critici
821 3178 996 3249 singularem
1018 3199 1273 3252 numerumprae·
1295 3187 1301 3192 '

237 3263 388 3322 ferendum
415 3279 496 3329 esse,
521 3277 578 3317 nou
606 3269 701 3316 tamen
728 3261 902 3320 virtutem
930 3282 1012 3336 csse,
1040 3262 1092 3320 sed
1118 3265 1272 3322 anticum

238 3346 373 3402 orationis
393 3342 563 3414 subiectum,
584 3361 658 3414 quae
680 3345 757 3400 notio
774 3364 813 3400 ex
824 3345 918 3402 verbis
932 3347 978 3417 iis,
1000 3366 1074 3418 qrrae
1090 3349 1272 3422 praecedunt,

236 3429 293 3486 lmc
319 3425 489 3485 assumenda
517 3426 564 3483 sit.
606 3425 739 3498 equidem
766 3429 900 3485 existimo
925 3430 1112 3487 inlibrorum
1134 3433 1273 3503 scriptura

236 3515 274 3572 ita
297 3509 533 3585 acquiesceudmn
550 3529 623 3578 esse,
645 3520 677 3567 ut
698 3513 793 3579 orrici,
814 3522 848 3568 ,ut
869 3522 927 3582 est,
949 3515 986 3570 ita
1009 3517 1094 3571 etiam
1115 3511 1273 3574 habeamus

236 3618 288 3672 pro
309 3597 451 3672 genitivo,
480 3595 529 3666 qui
556 3593 671 3666 quidem
699 3593 734 3650 ad
757 3591 833 3652 lmnc
852 3594 947 3654 locum
968 3601 1195 3670 pernecessarius
1216 3615 1270 3670 est,

235 3701 331 3753 neque
352 3681 427 3738 enim
449 3677 523 3739 illud
544 3679 713 3750 requiritur,
743 3689 773 3734 ut
792 3681 850 3751 ¹(pri
870 3681 954 3738 arnici
974 3693 1040 3740 suut
1060 3681 1142 3738 bonis
1164 3681 1271 3740 diffun-

236 3767 360 3836 dantur,
399 3762 585 3820 incommodis
616 3758 834 3836 contrahantur,
873 3764 924 3820 sed
955 3775 985 3822 nt
1012 3765 1169 3823 alterius
1196 3768 1217 3824 i.
1242 3787 1270 3824 e.

236 3849 340 3906 amici
361 3848 443 3904 bonis
464 3843 661 3907 diffundantur
681 3845 800 3917 cinisque
830 3847 1016 3906 incommodis
1045 3847 1270 3924 contrahantur„

236 3943 280 3992 est
301 3951 369 4003 ergo
390 3933 443 3988 iste
465 3921 609 4003 petritiv'us
629 3923 683 3983 lroc
705 3927 765 3984 loco
788 3934 973 3989 necessarius.
1015 3929 1090 3991 bono
1111 3937 1198 3991 amici
1218 3954 1270 3990 au·

235 4026 293 4074 tem
315 4023 381 4071 sunt
401 4013 475 4070 bona
496 4032 570 4084 (ptine
590 4013 756 4085 contingunt
777 4016 883 4084 ainrico,
906 4025 938 4071 ut
958 4018 1110 4079 recte-iam
1131 4018 1270 4090 interpre-

235 4112 279 4158 tes
306 4097 502 4170 explicarunt,
529 4095 574 4152 illi
595 4106 691 4154 erotem
713 4101 823 4155 ntrtueri
846 4098 972 4170 plurales
1002 4095 1214 4180 dffurrduntur
1239 4112 1269 4158 et

233 4177 456 4254 contrudantur,
479 4191 511 4238 nt
531 4198 616 4254 saepe
638 4178 723 4254 alias,
749 4181 788 4238 ita
810 4180 863 4238 hoc
889 4203 1004 4255 quoque
1026 4185 1089 4242 loco
1109 4185 1269 4243 sribiectom
