2872 4940
207 395 697 472 susorurtoues
741 377 1069 489 cassusne.
1117 399 1179 467 ror
1256 499 1258 506 Ι
1313 437 1317 446 -

138 591 218 668 'quod
238 589 325 650 Ferd.
347 589 480 651 llandius
505 588 667 648 Tursellina'
687 587 747 650 vol.
759 586 801 648 ll.
822 610 850 664 p.
866 592 928 648 509
950 609 994 664 sq.
1027 583 1178 649 miliiAu·

139 689 281 753 gustoque
301 673 612 747 Matthiae-oblocutus
632 684 692 746 est,
714 674 743 732 id
771 693 872 748 partam
899 674 1073 735 considerate
1093 675 1178 750 fecit’3

138 761 216 835 quod
249 761 306 818 alio
341 761 403 818 loco
429 761 552 819 uberius
593 759 815 834 diligentiusque
854 759 998 832 explicare
1035 763 1177 822 constitui.

137 845 212 904 illud
233 856 330 903 antem
351 843 486 902 hocloco
508 842 697 901 refellendum
720 852 773 917 est,
795 843 872 916 quod
895 841 964 900 milri
985 845 1016 900 in
1036 845 1088 902 illo
1106 843 1178 904 Tul·

137 929 215 988 liano
235 929 310 1000 loco,
332 949 418 1002 quesn
431 929 556 1002 ascripsi,
573 929 673 985 obiecit
697 930 743 986 vir
758 928 947 1000 doctissimus,
969 947 1056 1002 quiem
1078 931 1179 1004 ogast

137 1007 313 1089 §mviuslric
330 1011 547 1087 reprehendam,
570 1011 861 1070 considerandum'est
882 1022 911 1070 et
932 1013 1025 1086 ipsium
1047 1033 1105 1071 uon
1127 1014 1178 1073 ad·

136 1097 254 1156 snodum
276 1097 380 1155 leuiter
401 1118 447 1154 mc
469 1095 685 1170 reprehendisse
706 1106 735 1154 et
755 1097 785 1152 in
806 1115 838 1153 re
857 1095 936 1154 facili
956 1107 1103 1172 tantopere
1124 1099 1177 1156 fal·

136 1202 201 1240 sum
223 1201 297 1241 esse.
340 1201 394 1256 ego
416 1183 456 1238 sic
477 1181 652 1254 explicarem
673 1182 757 1238 istum
773 1179 878 1251 locum,
902 1179 1034 1239 Tullium
1049 1181 1177 1244 votuisse
1220 1203 1223 1213 “

136 1267 245 1324 dicere:
273 1285 342 1323 num
364 1279 391 1322 et
411 1267 502 1322 (mimi
523 1278 608 1341 utque
627 1267 726 1338 ingeni
745 1263 848 1322 celeres
866 1261 986 1341 quiderm
1006 1280 1100 1326 motare
1120 1288 1177 1326 csse

135 1347 242 1407 deden·
256 1363 283 1408 et
303 1351 433 1423 corporis
453 1346 595 1426 quaedam
615 1350 805 1426 requirimur
825 1351 928 1420 eires„
950 1349 1001 1406 sed
1022 1352 1176 1410 interiectis
1277 1415 1281 1424 ,

134 1434 201 1492 aliis
221 1435 334 1506 verbis,
357 1432 433 1508 qtrod
455 1451 541 1506 saepe
562 1433 634 1490 alias
655 1433 759 1490 facturn
781 1432 928 1504 videmus,
950 1453 967 1490 a
989 1447 1087 1507 cosma
1109 1454 1175 1492 con·

135 1521 289 1577 structione
311 1519 477 1591 recessisse,
507 1526 537 1575 ut
564 1517 649 1590 priori
670 1531 698 1574 et
718 1536 775 1573 non
797 1517 918 1574 alterum
940 1517 1018 1591 quod
1038 1527 1176 1592 sequatur

133 1602 322 1676 respoudeat,
354 1601 405 1660 sed
426 1621 478 1674 per
498 1600 650 1674 particulas
669 1597 722 1658 secl
739 1603 766 1658 si
785 1603 850 1678 quis
870 1614 921 1658 etc.
961 1601 1020 1658 alis
1043 1604 1089 1659 via
1111 1623 1174 1660 ara,

133 1688 220 1744 tionis
241 1688 406 1760 apertam.
449 1686 494 1742 cui
516 1686 617 1741 rationi
639 1686 819 1741 ita-occurrit
835 1682 987 1755 Herrdius,
1016 1697 1048 1743 ut
1068 1686 1174 1746 diceret

133 1769 260 1828 noluisse
277 1765 443 1828 Gicerouem
464 1768 551 1826 simul
573 1769 609 1826 de
630 1769 753 1842 corporis
772 1769 883 1826 viribus
904 1768 1025 1843 aequale
1047 1771 1175 1843 preferre

132 1865 344 1930 argumentum,
367 1853 417 1912 sed
438 1853 618 1912 descendisse
639 1853 676 1911 ad
698 1871 742 1925 ea,
762 1873 839 1926 qtree
860 1853 971 1912 nullam
993 1853 1174 1914 admitterent

132 1938 348 2009 dubitationem,
370 1950 399 1995 et
420 1940 443 1995 si
465 1957 523 1995 non
544 1939 681 2011 ineptam,
702 1948 798 1995 tamen
812 1957 870 1994 non
893 1939 966 1996 bene
987 1941 1172 2013 compositam

131 2039 196 2080 esse
223 2019 296 2078 hanc
321 2023 506 2079 serrtctuiam:
536 2035 602 2078 nsrn
632 2032 660 2079 et
689 2023 777 2077 animi
805 2021 912 2079 celeres
938 2023 1055 2094 quidam
1077 2035 1173 2082 motus

131 2125 195 2164 esse
217 2105 322 2164 debent
342 2115 372 2164 et
392 2105 446 2162 elia
469 2114 545 2177 siunt,
567 2124 641 2177 quoe
662 2114 737 2161 certe
757 2124 822 2160 cum
844 2106 905 2178 ipso
922 2103 1038 2162 homine
1052 2126 1172 2164 nascitu-

131 2200 186 2248 tur.
231 2210 354 2264 quorum
380 2190 509 2247 omnium
530 2187 602 2246 nillil
623 2207 725 2246 verum
746 2198 798 2246 est.
841 2207 909 2246 nam
931 2189 1007 2261 quod
1029 2191 1068 2248 eit
1087 2187 1171 2248 Han-

131 2274 196 2332 dius
223 2271 388 2332 Ciceronem
416 2273 543 2331 noluisse
569 2272 689 2346 sensuale
716 2271 844 2346 prolerre
864 2284 1064 2348 argumentum
1084 2275 1172 2334 simtrl
1204 2339 1209 2352 ,

131 2358 167 2417 de
188 2361 313 2433 corporis
333 2356 453 2434 virilius,
476 2360 598 2431 primum
620 2377 727 2432 quaero
750 2357 825 2415 narde
846 2358 919 2416 illud
940 2359 1009 2416 sciat
1024 2355 1170 2434 Handius,

129 2442 207 2516 qtrod
227 2443 351 2503 voluerit
372 2441 488 2518 Cicero,
515 2442 619 2502 deinde
645 2441 718 2500 illud
737 2440 876 2501 comendo
897 2453 925 2500 et
947 2442 1075 2516 affirmo,
1103 2464 1171 2502 eum

129 2528 179 2600 quui
200 2528 262 2586 volt
282 2529 432 2586 ostendere
453 2529 610 2593 maximam
631 2528 693 2583 rim
721 2525 939 2583 addicendum
961 2525 1066 2584 efferre
1086 2538 1170 2585 natra-

127 2631 208 2685 ram,
235 2629 293 2668 non
315 2629 399 2684 posse
419 2631 476 2668 non
498 2612 537 2667 ita
558 2610 766 2684 argrsmentari,
794 2629 882 2682 qtsem
908 2609 1082 2666 admodum
1105 2631 1170 2669 mea

127 2696 236 2754 ratione
257 2704 474 2770 argumentatus
499 2705 543 2751 est
564 2691 695 2768 Tullius;
725 2711 792 2750 usin
814 2692 851 2750 ad
873 2692 985 2751 dicendi
1005 2693 1169 2753 securitatem

84 2795 86 2804 ·
127 2780 216 2836 animi
237 2781 343 2853 pariter
363 2789 449 2852 atque
469 2779 594 2851 corporis
615 2778 685 2834 viris
706 2777 812 2850 requiri
833 2795 921 2834 sanus
942 2797 1026 2836 nemo
1044 2779 1168 2854 negabit.

127 2865 152 2921 si
177 2864 265 2939 igitur
290 2861 425 2921 Handius
451 2862 526 2921 dixit
552 2857 717 2919 Ciceronem
745 2859 872 2918 noluisse
897 2863 936 2918 ite
963 2864 1167 2944 orgiamentari,

126 2967 182 3024 ego
203 2957 298 3005 contra
320 2946 458 3005 conitendo
481 2965 547 3004 eum
569 2945 701 3004 debuisse
721 2945 761 3002 ita
773 2947 974 3020 argumentari.
1017 2946 1095 3021 quod
1116 2967 1167 3005 au·

126 3039 185 3089 tem
213 3031 288 3090 dixit
313 3051 371 3089 nou
397 3029 681 3104 bene‘compositam
703 3027 777 3086 hanc
797 3030 859 3087 fore
885 3031 1070 3090 sententiam:
1098 3051 1169 3090 nmo

126 3128 154 3171 et
174 3118 267 3172 enimi
286 3115 386 3174 celeres
406 3113 525 3193 quidam
543 3128 638 3172 motus
658 3133 717 3170 esse
735 3109 846 3185 debent,
868 3127 895 3170 et
908 3113 972 3171 alio
991 3127 1069 3188 sunt,
1092 3135 1166 3192 qtaue

120 3211 201 3255 'certe
219 3217 284 3256 cuna
303 3202 367 3272 ipso
387 3196 502 3260 leoraine
522 3211 700 3273 ommutur,
718 3198 809 3256 'etiam
830 3196 884 3255 lrac
904 3199 934 3254 iu
956 3217 987 3256 re
1010 3196 1167 3257 vehemen-

124 3293 171 3340 ter
197 3281 288 3341 t'aleus
314 3295 389 3359 est,
406 3303 473 3342 uam
504 3304 544 3343 ex
570 3285 680 3342 ratione
706 3281 770 3340 mea
798 3301 855 3340 uon
882 3292 943 3342 erat
970 3279 1071 3342 Cicero
1093 3282 1166 3341 illud

125 3365 268 3442 dicturus,
299 3368 351 3426 sed
377 3370 464 3426 animi
486 3379 515 3428 et
535 3370 659 3441 corporis
674 3367 750 3447 ,viris
776 3367 941 3440 simpliciter
961 3385 1166 3426 commemore-

127 3460 226 3520 turus,
249 3451 412 3523 quodcum
433 3452 490 3508 alio
511 3451 635 3524 quodam
656 3450 741 3506 moda
761 3451 948 3525 instituisset,
978 3453 1014 3509 ab
1036 3449 1167 3510 inchoate

124 3527 330 3592 cotrstructioue
358 3537 489 3607 recessit,
517 3533 593 3606 quod
622 3551 656 3591 ea
685 3533 773 3606 ratio,
800 3551 888 3606 quam
917 3544 979 3592 erat
1008 3535 1166 3608 ingressus,

123 3637 182 3674 aron
208 3618 282 3675 bene
308 3619 461 3691 composite
491 3618 646 3676 videretur.
690 3609 788 3689 itaque
813 3616 891 3689 quod
916 3619 963 3674 rir
988 3617 1167 3678 senissimus

124 3702 178 3760 sibi
206 3701 287 3760 risus
313 3711 357 3760 est
383 3712 479 3760 contra
507 3721 553 3759 me
580 3701 741 3774 disputare,
768 3699 797 3756 id
825 3698 899 3757 dixit
925 3701 1038 3758 iurem
1060 3719 1165 3760 meam.

124 3785 197 3842 illud
218 3795 313 3844 autem
335 3787 424 3843 miror
442 3787 472 3842 iu
493 3782 621 3860 Hsndio,
643 3803 701 3842 non
723 3783 880 3857 tamquod
896 3782 966 3842 milri
982 3783 1166 3844 inhumanius

124 3869 272 3927 oblocutus
299 3881 344 3928 est
370 3870 456 3944 idque
486 3871 548 3928 sine
575 3869 636 3926 sulla
659 3868 905 3944 incusamusa,
935 3879 966 3931 ut
995 3869 1033 3926 in'
1047 3887 1166 3928 censura

124 3958 193 4010 eius·
207 3951 272 4010 libri
293 3957 378 4012 etiam
406 3955 435 4012 in
462 3953 528 4012 eliis
552 3953 622 4011 locis
649 3952 814 4023 ostendam,
842 3973 928 4026 quam
958 3954 1036 4028 quod
1057 3953 1087 4012 id
1108 3955 1165 4014 uon

123 4037 215 4110 poturit
246 4038 309 4096 sine
339 4039 505 4097 soloecismo
532 4038 642 4110 iacere,
674 4057 761 4110 quem
792 4038 849 4094 iam
876 4037 957 4110 pueri
985 4038 1163 4115 erubescant,

123 4120 269 4179 erubescat
290 4129 365 4180 certe
385 4124 503 4197 uiridem
524 4121 726 4200 grammaticus
746 4123 793 4195 is,
815 4122 864 4194 qui
886 4121 922 4179 de
945 4123 1091 4196 perticalis
1105 4121 1166 4182 Le·

123 4205 190 4263 tiuis
216 4205 303 4264 libros
329 4209 496 4281 cornpesuit.
540 4207 650 4282 scripsit
671 4206 765 4266 enim:
796 4218 823 4262 et
848 4206 906 4264 arisi
924 4209 1040 4282 inepto,
1067 4222 1163 4266 tuanen
