2868 4958
223 367 245 434 4
481 409 483 415 ·
586 357 909 434 sonorus

223 558 369 650 quidem
409 552 517 626 etiam
553 554 736 648 Apollinis
776 551 937 624 oraculo
966 549 1270 643 sapientissimum

224 660 438 730 iudicatum:
467 658 560 728 hanc
582 681 664 728 esse
686 658 724 726 in
749 663 785 726 te
809 654 1023 747 sapientiam
1051 654 1269 740 existimant,

222 769 262 832 ut
283 761 404 830 omnia
430 761 549 829 tua'in
578 768 612 828 te
639 759 758 850 posita
780 781 862 828 esse.
886 757 998 854 (lupas
1020 755 1269 848 humanosque

222 884 329 932 casus
347 862 481 931 virtute
498 859 689 930 inferiores
705 867 819 950 putes.
872 857 1001 948 Itaque
1018 879 1065 926 ex
1083 879 1140 924 me
1159 879 1269 950 quao-
1321 861 1337 875 “

222 971 323 1050 runt,
352 963 460 1032 credo
484 985 530 1030 ex
552 959 624 1030 hoo
645 962 729 1032 item
749 959 950 1045 Scaevola,
978 979 1133 1052 quonam
1160 965 1268 1049 paeto

224 1072 375 1133 mortem
399 1061 569 1132 Africani
601 1064 718 1133 feras:
761 1085 875 1153 eoque
908 1063 1044 1154 magis,
1081 1063 1178 1151 quod
1211 1059 1268 1130 his

223 1164 400 1258 proximis
426 1161 542 1234 Nonis
578 1187 659 1235 eum
684 1165 721 1233 in
748 1164 873 1233 hortos
908 1159 954 1232 l).
978 1162 1084 1230 Bruti
1118 1162 1268 1253 auguris

223 1267 486 1335 eornmentandi
514 1289 643 1334 caussa
660 1275 699 1335 ut
716 1266 852 1336 assolet
869 1264 1112 1349 venissemus,
1141 1271 1179 1332 tu
1195 1284 1267 1333 non

222 1367 376 1453 affuisti,
410 1368 470 1460 qui
498 1368 771 1458 diligentissime
805 1387 948 1456 semper
980 1363 1082 1434 illum
1109 1364 1204 1434 diem
1232 1371 1268 1434 et

221 1469 310 1537 illud
335 1491 466 1538 munus
492 1469 619 1539 solitus
646 1492 747 1539 esses
774 1467 887 1538 obire.
1213 1487 1216 1492 ·

323 1603 359 1674 8.
401 1601 618 1674 Scosvonn.
667 1603 859 1680 Quaerunt
884 1602 1048 1697 quidem,
1083 1599 1126 1672 C.
1147 1599 1266 1690 Laeli,

222 1704 339 1791 rrrulli,
366 1711 406 1774 ul
424 1711 480 1774 est
501 1729 523 1774 a
541 1705 681 1778 Fannio
705 1707 856 1790 dietum,
883 1707 950 1775 sed
969 1726 1038 1795 ego
1057 1703 1094 1772 id
1116 1727 1265 1796 respon·

221 1807 291 1875 deo
309 1807 405 1896 quod
421 1806 678 1892 animadverti,
701 1817 736 1875 te
752 1807 932 1892 dolorem,
956 1827 1061 1898 quem
1079 1807 1265 1895 acceperis

221 1929 301 1999 oum
328 1908 458 1976 summi
484 1907 555 1976 viri
581 1915 655 1976 tum
682 1908 889 1977 amicissimi
915 1915 1051 1993 morte,
1077 1909 1174 1976 ferre
1189 1929 1263 1975 mo·

221 2009 365 2094 derate,
400 2030 467 2078 neo
501 2009 661 2098 potuisse
688 2032 760 2078 non
794 2009 1015 2078 commoveri
1048 2031 1116 2078 neo
1149 2009 1264 2078 luisse

219 2109 256 2178 ld
283 2108 515 2180 humanitatis
539 2119 652 2198 ¹tuae3
692 2111 789 2202 quod
829 2117 949 2180 autem
986 2109 1042 2179 his
1075 2107 1191 2179 Nonis
1227 2111 1265 2179 in

219 2211 373 2301 collegio
390 2219 513 2281 nostro
527 2235 600 2280 non
616 2211 802 2298 erffuisses,
821 2211 1064 2281 valetudinem
1082 2233 1262 2297 caussam,

218 2333 290 2380 non
317 2313 533 2382 maestitiam
558 2311 684 2384 fuisse.
1204 2309 1209 2320 ’

269 2503 271 2507 .
294 2443 479 2517 Lnamus
520 2443 635 2518 Recte
649 2454 688 2516 tu
704 2447 866 2537 quidem,
885 2446 1084 2534 Scaevola,
1103 2453 1140 2516 et
1154 2469 1259 2517 vere:

218 2548 405 2618 neoenim
441 2549 486 2618 ab
520 2549 590 2618 isto
619 2549 757 2634 oflioio,
791 2551 885 2639 quod
919 2569 1062 2637 semper
1087 2549 1268 2640 usurpavi>

219 2665 301 2717 oum
324 2652 503 2737 valerem,
531 2651 661 2720 abduci
686 2651 915 2720 incommodo
935 2672 1017 2718 meo
1040 2651 1164 2720 debui:
1182 2673 1262 2746 neo

217 2750 291 2818 ullo
334 2773 422 2820 oasu
461 2753 618 2821 arbitror
655 2752 725 2822 hoe
764 2753 944 2830 constanti
982 2751 1119 2820 homiui
1150 2773 1260 2842 posse

218 2851 447 2942 contingere,
474 2863 514 2920 ut
539 2852 613 2922 ulla
640 2853 857 2923 intermissio
884 2853 949 2922 fiat
973 2852 1081 2922 offici.
1134 2853 1169 2926 9.
1198 2851 1260 2924 Tu

218 2962 356 3038 aulem,
372 2951 506 3039 Fauni,
522 2953 619 3044 quod
636 2955 723 3024 milri
740 2961 878 3024 tantum
895 2955 1003 3024 tribui
1019 2954 1124 3040 dicio,
1148 2976 1258 3044 quan·

217 3057 292 3120 tum
319 3075 388 3144 ego
423 3058 491 3122 nec
516 3077 676 3146 agnosco
700 3077 777 3124 ⁴neo
802 3055 965 3145 postulo,
998 3056 1090 3126 iacis
1123 3056 1256 3126 amice:

216 3155 281 3224 sed
303 3164 343 3223 ut
368 3155 627 3242 milrivideriS,
655 3179 728 3226 non
749 3165 847 3226 reete
872 3155 1013 3228 iudicas
1041 3159 1085 3227 de
1103 3155 1256 3229 Catone.

217 3260 280 3322 arnt
306 3255 400 3324 euim
427 3278 552 3343 nemo,
580 3259 676 3348 quod
693 3258 836 3350 quidem
862 3260 979 3350 magis
999 3260 1121 3344 oredo,
1149 3266 1211 3330 aut
1225 3259 1258 3328 si

215 3355 421 3446 quisquam,
458 3358 520 3426 ille
547 3359 691 3448 sapiens
716 3361 797 3432 fuit.
851 3383 922 3452 quo
956 3361 1082 3443 modo,
1118 3361 1257 3434 utalia

215 3457 395 3544 omittam,
421 3466 574 3528 mortem
599 3459 651 3529 fili
676 3460 771 3531 tulit!
815 3461 1048 3530 memineram
1071 3459 1253 3546 Paullum,

115 3616 119 3624 .
214 3557 376 3628 videram
403 3554 569 3650 Gallum3
602 3563 667 3632 sed
692 3562 731 3630 hi
757 3563 793 3630 in
818 3563 960 3653 pueris3
992 3560 1086 3634 Cato
1113 3564 1149 3634 in
1176 3586 1254 3652 per·

212 3657 310 3728 fecto
337 3666 373 3729 et
405 3669 565 3750 spectato
592 3664 684 3733 viro.
745 3663 804 3734 10.
838 3663 1135 3740 Quamobrem
1163 3687 1269 3734 estve.

213 3754 345 3830 (latoni
371 3771 571 3853 anteponas
603 3783 649 3834 ne
682 3764 800 3847 istum
815 3766 959 3858 quidem
985 3766 1120 3856 ipsum,
1147 3787 1254 3858 quem

294 4005 395 4094 lup.
413 4017 444 4074 7.
472 4015 562 4088 posita
582 4035 645 4076 esse
665 4015 766 4096 duces]
785 4019 884 4093 posita
906 4015 1003 4078 ducas.
1048 4039 1088 4078 ex
1107 4016 1162 4077 lroe
1182 4019 1251 4078 item

205 4089 367 4175 scaevola]
390 4099 456 4154 item
467 4095 571 4158 exhor
594 4097 774 4181 [Scaevola].
820 4103 851 4178 §-
864 4109 894 4164 8.
909 4105 939 4161 in
952 4103 1072 4184 collegio
1084 4104 1196 4185 nostro]
1219 4105 1252 4162 io

209 4193 308 4240 nostro
327 4179 457 4258 collegio.
501 4185 532 4259 ς.
547 4190 577 4274 9.
606 4185 683 4262 qrrod
700 4185 786 4268 mihi]
810 4191 862 4266 qui
876 4185 958 4248 milri.
