2868 4958
359 364 427 433 DE
449 361 721 434 AlllGl'l'lA.
773 364 875 437 GAP.
897 365 1015 436 XXV.
1166 371 1210 438 89

163 556 493 646 amicitiispeslem
521 577 603 626 esse
620 547 798 627 'maiorem
818 579 925 654 quam
951 560 1206 646 adulationem,

163 659 392 745 blanditiam,
425 659 722 729 assentationem.
773 662 938 751 quamvis
965 662 1060 730 enim
1085 663 1207 732 multis

160 760 366 830 nominibus
392 770 449 830 est
474 757 683 829 hocvitium
710 761 906 831 notandum
932 761 1067 832 lovium
1092 761 1232 832 homl·=

160 883 246 931 num
279 871 388 952 atque
426 861 611 930 fallacinm
643 863 692 932 ad
726 862 951 932 voluntatem
982 863 1206 956 loquentium

163 963 302 1049 omnia,
335 961 429 1054 nilril¹
459 963 506 1034 ad
530 963 732 1044 veritatem.
798 963 860 1036 02.
901 961 994 1034 Cum
1021 973 1142 1037 autem
1168 987 1206 1034 o·

161 1065 297 1134 mnium
330 1081 452 1133 rernm
477 1063 659 1135 simulatio
687 1063 818 1134 vitioso
843 1072 900 1135 est
920 1105 967 1116 —
991 1067 1085 1136 tollit
1111 1066 1207 1137 enirn

109 1158 116 1163 ’
162 1165 334 1236 indicium
366 1165 446 1234 veri
479 1165 588 1257 idque
622 1165 883 1251 adstiterat—,
917 1173 992 1236 tum
1025 1168 1205 1238 amicitiae

161 1274 343 1358 repugnat
359 1267 535 1336 maxime:
577 1267 675 1338 delet
689 1267 786 1336 enim
801 1269 1010 1353 veritatem,
1036 1269 1116 1340 sine
1135 1289 1207 1360 qua

161 1391 292 1438 nornen
325 1367 505 1437 amicitiae
541 1369 663 1439 valere
703 1381 776 1436 non
799 1375 939 1458 potest.
1004 1391 1091 1440 nam
1123 1392 1206 1441 oum

161 1469 341 1541 amicitiae
358 1468 418 1538 vis
441 1469 489 1538 sit
514 1469 550 1537 in
572 1491 637 1555 eo,
664 1476 703 1538 ut
729 1479 832 1539 unns*
848 1469 952 1561 quasi
977 1470 1119 1542 animus
1144 1471 1207 1540 liat

160 1570 423 1660 expluribus:
463 1570 523 1661 qui
557 1571 594 1640 id
620 1569 699 1638 fieri
732 1571 882 1659 poterit,
916 1571 949 1640 si
981 1594 1028 1642 ne
1060 1571 1099 1641 in
1130 1593 1204 1641 uno

160 1674 304 1765 quidem
328 1691 591 1762 quoqneunns
610 1671 760 1742 aninrns·
774 1675 844 1742 erit
863 1662 1032 1764 idemque
1049 1695 1204 1764 semper,

159 1775 224 1844 sed
250 1773 397 1859 verine,
423 1773 706 1862 commutabilis,
733 1770 966 1864 multiplexl,
1009 1773 1070 1846 93.
1105 1773 1206 1850 (tuin

159 1875 253 1944 enim
271 1867 401 1964 -potest
415 1895 497 1966 esse
515 1871 598 1943 tam
613 1874 791 1960 llexibilc,
817 1881 891 1944 tam
910 1875 1069 1962 devium,
1097 1897 1207 1966 qnam

159 1977 301 2048 animus
328 1976 426 2061 eius,
457 1975 530 2067 qui
563 1975 609 2044 ad
638 1975 786 2044 alterius
822 1997 895 2050 non
921 1978 1029 2046 modo
1055 1997 1204 2047 sensum

159 2099 202 2148 ac
227 2078 467 2164 voluntatem,
509 2079 576 2149 sed
610 2076 719 2148 etiam
751 2076 888 2147 voltu-m
929 2085 1038 2170 atque
1076 2086 1204 2148 nutum

159 2175 402 2282 convertiturl
742 2199 749 2208 ¹
1165 2178 1170 2196 ⁸

223 2307 366 2401 ¹Neget
385 2309 481 2397 quis,
502 2329 609 2399 nego:
631 2312 701 2394 ait,
731 2310 807 2375 alc:
829 2319 1006 2396 postremo
1027 2309 1207 2395 imperavi

329 2495 337 2510 .
556 2493 564 2509 ι
893 2421 1030 2503 egomet
1048 2409 1140 2479 mihi

242 2515 357 2590 omma
382 2503 570 2557 accentum.
964 2549 966 2553 ,

155 2643 197 2704 nt
222 2634 273 2702 ait
297 2634 393 2702 idem
411 2631 625 2719 Terentius,
652 2633 717 2708 sed
739 2631 804 2706 ‚ills
830 2632 869 2702 in
887 2629 1093 2720 Gnathonis
1119 2654 1199 2723 per·

156 2759 274 2822 sona,
294 2735 391 2826 qnod
410 2735 519 2804 emisi
537 2756 652 2826 genus
670 2734 843 2820 adhibere
869 2735 1014 2829 omnino
1040 2734 1199 2804 levitatis

157 2847 223 2907 est.
274 2836 335 2908 94.
370 2833 480 2915 Multi
514 2830 904 2914 auten1.Gnathonunr
945 2835 1082 2905 similes
1115 2857 1199 2909 cnm

156 2938 354 3022 sinticen,
391 2938 557 3022 fortuna,
589 2938 691 3021 fama
716 2937 942 3026 sinceriores,
979 2936 1109 3007 horum
1143 2945 1199 3008 est

156 3040 352 3124 assentatio
386 3039 557 3123 molesta,
599 3059 680 3108 cum
720 3039 767 3108 ad
806 3039 1003 3108 vanitatem
1044 3040 1199 3110 accessit

155 3141 365 3218 auctoritas.
416 3137 481 3211 95.
509 3138 660 3210 Secerni
687 3148 807 3210 antem
836 3140 988 3209 blandus
1014 3141 1152 3208 rirttlcns
1175 3163 1198 3209 a

124 3264 245 3341 ‚vero
262 3252 299 3312 et
323 3241 521 3324 internosci
544 3247 619 3312 tam
645 3247 785 3330 potest,
810 3229 971 3313 adhibita
997 3241 1195 3332 diligentia,

153 3365 259 3434 quam
292 3343 414 3412 orrrnia
443 3344 569 3414 facite
593 3351 630 3418 ,ei
654 3343 824 3428 simulata
850 3365 873 3411 a
898 3342 1048 3413 sinceris
1087 3349 1196 3435 atque

152 3446 261 3514 veris.
314 3441 451 3513 Concio
467 3464 560 3534 qnae
584 3466 631 3513 ex
657 3443 931 3533 imperitissimis
957 3451 1115 3529 constat,
1142 3453 1195 3512 ta-

152 3568 236 3616 men
260 3546 423 3615 iudicare
436 3545 548 3632 solet,
563 3545 663 3637 ¹quid
687 3546 827 3615 intersit
852 3547 947 3614 inter
970 3546 1194 3634 popularem,

152 3648 191 3717 id
217 3658 290 3732 est,
307 3654 580 3717 assentatorem
606 3654 642 3716 et
667 3647 786 3716 levem
801 3646 918 3742 clarem
935 3651 972 3714 et
996 3647 1091 3714 inter
1111 3668 1194 3715 con·

152 3756 328 3833 mentem,
351 3759 524 3824 ‘sevorum
540 3755 588 3833 ei
612 3770 774 3839 gravem.
826 3741 887 3818 96.
925 3744 1068 3823 Quibus
1094 3747 1194 3815 blan·

153 3850 250 3919 ditiis
287 3847 329 3920 0.
353 3846 524 3939 Papirius
563 3871 680 3940 nuper
704 3849 876 3924 influebat
907 3848 945 3923 iu
984 3847 1082 3920 annis
1108 3870 1193 3918 eon·

153 3974 458 4028 ...ἐ-..ς

236 4098 348 4158 XXV.
380 4104 474 4175 §29¹2-
513 4102 616 4160 vitiosa
637 4107 697 4173 est]
729 4114 770 4160 est
795 4105 906 4164 vitioso.
958 4107 992 4178 9
1007 4100 1138 4164 99916
1162 4101 1193 4160 in

153 4183 327 4258 Gnathonis]
351 4185 400 4244 illc
413 4184 466 4244 snb
484 4183 655 4244 Gaeaclons.
