2868 4958
232 379 254 443 2
604 365 931 474 narolus

234 591 317 638 nem
344 568 444 638 illum
468 564 646 650 incidere,
682 563 743 656 qui
777 569 852 632 tum
885 559 964 632 fere
989 557 1111 628 multis
1138 557 1280 626 eratin

235 693 312 740 ore.
355 668 549 739 meministi
563 667 657 736 enim
679 666 854 756 proferto,
873 662 1007 746 Attiee,
1026 668 1061 730 et
1085 682 1128 728 eo
1149 660 1279 750 inagis,

234 771 330 864 quod
352 769 396 840 P.
413 769 576 888 Sulpicio
598 769 746 837 utebare
763 767 933 853 multum,
956 785 1037 832 eum
1059 762 1091 830 is
1112 761 1278 830 tribunus

198 947 205 970 Ι
234 872 350 963 plebis
384 871 531 961 capitali
565 869 650 938 odio
678 866 774 943 all.
800 845 978 955 Pompeio
1013 863 1075 955 qui
1102 871 1175 931 tum
1202 870 1281 931 erot

234 973 361 1042 consul
387 972 595 1056 dissideret,
623 991 777 1060 quocum
794 964 1086 1038 coniunctissime
1100 970 1136 1033 et
1156 985 1279 1032 oman·

233 1075 372 1144 tissime
403 1072 565 1156 vixerat,
606 1078 749 1160 quanta
775 1075 870 1142 esset
906 1068 1091 1137 homiuum
1123 1065 1184 1133 vel
1216 1067 1279 1134 ad·

143 1197 146 1202 ·
232 1173 376 1244 miratio
396 1173 635 1268 velquerela
685 1173 720 1242 3
747 1170 877 1262 ltaque
900 1178 974 1238 turn
994 1164 1193 1237 Seuerola
1197 1189 1279 1236 eum

233 1277 270 1343 in
291 1297 381 1348 eoru·
387 1273 512 1366 ipsam
508 1273 749 1366 mentionem
757 1271 960 1364 incidisset,
983 1268 1152 1364 expospit
1173 1269 1279 1338 nobis

233 1397 437 1446 sermonem
458 1374 565 1444 Laeli
587 1376 633 1444 de
654 1374 811 1442 amicitia
827 1373 988 1441 habitum
1007 1373 1051 1439 ab
1073 1370 1135 1436 illo
1154 1391 1280 1438 seeum

234 1483 269 1545 et
295 1499 377 1546 eum
404 1477 518 1545 altero
541 1497 677 1566 genero
696 1471 739 1544 G.-
758 1473 899 1542 Eannio
921 1453 1040 1541 Morei
1059 1470 1134 1539 lilio
1152 1469 1279 1560 paucis

234 1579 362 1647 diebus
388 1583 471 1667 post
496 1583 648 1645 mortem
676 1575 855 1645 Africani.

334 1676 425 1748 Eius
452 1677 709 1767 disputationis
734 1671 930 1746 sententias
956 1673 1153 1743 memoriae
1178 1695 1278 1741 man·

234 1779 337 1867 davi,
360 1801 451 1870 quas
473 1778 543 1847 hoe
559 1780 652 1848 libro
673 1778 827 1870 exposui
847 1777 1023 1847 arbitratu
1044 1795 1142 1844 rneo:
1174 1773 1279 1865 quasi

236 1880 332 1948 enim
353 1882 451 1969 ipsos
471 1880 598 1948 induxi
621 1880 817 1969 loquentis,
844 1900 891 1946 ue
913 1877 1074 1973 inpetum
1095 1884 1130 1944 et
1151 1874 1283 1972 inquit

233 1980 379 2070 saepius
405 1981 712 2070 interponeretur,
739 1989 847 2071 atque
864 1986 905 2051 ut
927 1986 1109 2071 trpuqrupn
1131 1999 1154 2045 ι
1174 1999 1277 2076 prae

234 2082 396 2152 sentibus
423 2104 545 2151 coram
573 2082 699 2152 haberi
721 2104 840 2151 sermo
868 2081 1060 2150 rideretur.
1112 2080 1148 2149 4.
1184 2075 1278 2148 (ium

234 2183 330 2251 euim
355 2205 466 2272 saepe
502 2206 644 2253 meeum
678 2205 826 2274 ageres,
860 2193 900 2251 ut
933 2184 979 2251 de
1004 2181 1162 2250 amicitia
1187 2181 1276 2249 seri·

233 2285 355 2351 berem
383 2284 536 2373 aliquid,
573 2286 682 2375 digua
708 2283 795 2352 mihi
827 2306 887 2353 res
914 2305 994 2352 eunt
1030 2284 1191 2366 omniurn,
1216 2305 1276 2351 oo·
1366 2300 1374 2305 ·

233 2383 396 2474 gnitione
422 2394 497 2455 tum
523 2394 648 2454 nostra
668 2385 917 2474 fruniliauitate
932 2385 1013 2458 visa
1035 2391 1100 2454 est.
1152 2383 1275 2475 itaque

232 2485 305 2555 feri
329 2507 403 2555 non
429 2485 581 2571 inritus,
609 2494 658 2555 ut·
673 2487 884 2574 prodessem
906 2482 1027 2556 multis
1044 2491 1176 2576 rogatu
1199 2493 1275 2560 tuo.

233 2585 309 2656 Sed
335 2595 375 2655 ut
400 2586 436 2656 in
459 2584 601 2656 Gutoue
627 2588 782 2674 maiore,
816 2587 879 2679 qui
904 2595 960 2656 est
984 2588 1145 2676 seriptus·
1165 2587 1215 2658 ud
1239 2595 1275 2658 te

232 2689 277 2756 de
293 2695 503 2775 senectute,
520 2687 700 2759 catonem
725 2689 853 2759 induxi
876 2711 1001 2758 senem
1019 2690 1274 2779 disputantem,

231 2789 318 2881 quia
342 2791 442 2858 nulla
462 2790 659 2872 videbatur
674 2792 799 2880 ,aptior
823 2813 996 2881 persona,
1024 2808 1118 2882 quoe
1145 2791 1190 2860 de
1211 2791 1283 2860 illa.

233 2897 363 2959 aetatot
384 2890 763 2982 loqueretnnpnqnam.
786 2893 865 2962 eius
896 2893 961 2982 qui
996 2899 1032 2960 et
1057 2913 1171 2962 senem
1197 2891 1274 2962 diu·
1305 2942 1308 2948 ·

231 2991 369 3060 tissime
385 2991 516 3062 finisset
533 3000 569 3061 et
590 2993 733 3083 ineipse
750 3001 939 3062 senectuto
962 3003 1107 3081 praeter
1119 2999 1273 3066 eeteros

229 3091 428 3172 floruisset:
456 3092 886 3185 sirumaeoepissernus
896 3115 922 3162 a
938 3094 1102 3184 putribus
1115 3095 1273 3164 mouinte

229 3193 501 3263 memorabilem
522 3193 582 3265 ⁸0:
597 3195 703 3265 Laeli
725 3204 761 3265 et
782 3193 826 3265 P.
843 3194 1030 3285 Scipionis
1048 3196 1273 3266 fornuiartta·

218 3301 303 3362 ,tem
327 3294 460 3380 luisse,
494 3296 626 3365 idonea
657 3297 747 3365 milri·
771 3296 878 3366 Laeli
910 3319 1068 3387 persona
1090 3298 1175 3368 visa
1205 3304 1271 3380 est,

229 3413 324 3486 quae
351 3395 580 3466 deamicitia
606 3419 650 3466 ea
674 3399 758 3487 ipsa
782 3399 996 3485 dissereret,
1025 3411 1125 3489 'quoe
1151 3399 1271 3487 dispu-

229 3501 305 3564 tata
330 3497 376 3565 ab
410 3518 454 3564 eo
468 3497 704 3568 >meminisset
728 3498 921 3570 Scaeuola.
997 3495 1124 3571 Genus
1151 3509 1272 3570 autem

229 3594 299 3666 hoe
324 3619 531 3667 sermonum
556 3599 751 3689 positum
740 3623 777 3668 ru
800 3600 987 3672 huminum
1010 3609 1175 3672 veterum
1206 3622 1280 3672 au·-

229 3698 396 3768 etoritate
418 3705 454 3770 et
471 3721 597 3772 eorum
618 3701 809 3772 illustrium
823 3705 904 3804 plus
924 3703 1049 3774 neseio
1070 3723 1141 3794 quo
1164 3708 1270 3794 paeto

117 3807 121 3812 '
228 3797 371 3868 videtur
395 3798 532 3872 hahere
557 3803 757 3894 gravitatis.
789 3806 943 3898 itaquo
931 3827 1011 3900 lpse
1037 3825 1120 3874 mea
1145 3799 1270 3901 legens

228 3899 281 3970 sio
304 3899 444 3972 afficior
468 3902 666 3994 interdum,
693 3913 734 3976 ut
748 3903 943 3994 Catonem,
970 3927 1044 3976 non
1066 3927 1143 4027 me,
1169 3903 1279 4004 loppi.

311 4113 337 4177 I.
361 4112 436 4198 Μ.
459 4118 520 4177 fere
535 4118 650 4204 inultis]
662 4124 738 4204 fere
752 4119 919 4219 {omnibus}
964 4123 996 4198 θ.
1009 4129 1040 4184 4.
1063 4142 1156 4183 senex
1171 4121 1271 4180 diutIs-

227 4200 314 4282 rime]
337 4198 494 4262 dimt'ssime
513 4223 612 4264 serrem
1125 4249 1130 4258 ·

1423 1975 1425 2046 l
