2868 4958
294 327 657 440 unanimum.
707 344 1041 436 moxmxu.
1140 371 1180 434 a
1344 322 1348 330 ’

140 561 256 656 magis
282 561 319 631 in
332 561 431 631 veris
458 561 618 660 pat-ribus
640 558 820 651 certisque
847 557 1065 630 faciundum.
1105 560 1181 630 tru-
1267 565 1269 570 '

138 675 217 734 ctus
245 665 340 733 enim
365 665 487 754 ingeni
514 670 550 732 et
575 663 718 732 virtutis
735 660 922 752 onmisque
937 660 1180 750 praestantiae

138 778 214 835 tum
239 766 420 834 maximus
453 765 611 864 capitur,
644 786 725 834 cum
758 763 794 830 in
828 762 1032 852 proximum
1057 783 1179 854 quem·

138 889 212 958 que
235 868 444 937 confertum

239 999 327 1070 XX.
356 1001 415 1070 71.
461 997 510 1069 Ut
536 999 645 1090 igitur
672 997 713 1081 ii,
741 997 800 1089 qui
827 995 972 1068 suntin
999 997 1179 1068 amicitiae

136 1102 470 1193 coniunctionisque
504 1100 769 1169 necessitudine
803 1101 1028 1188 superiores²
1069 1123 1178 1170 exae-

138 1225 252 1294 quare
279 1227 319 1271 se
346 1227 427 1272 cum
452 1203 693 1271 ‘inferioribus
721 1203 868 1269 debent:
909 1202 962 1280 sic
987 1201 1177 1271 inferiores

59 1347 62 1353 «
135 1325 209 1372 uon
236 1306 358 1374 dolere
384 1327 425 1372 se
452 1325 474 1370 a
500 1305 576 1374 suis
603 1310 665 1373 am
692 1304 834 1392 iugenio
862 1312 925 1370 am
948 1303 1095 1372 fortuna
1115 1313 1177 1374 aut

77 1399 86 1418 ⁸
136 1407 309 1494 dignitate
335 1405 511 1496 superari.
564 1425 716 1495 quorum
742 1405 903 1494 plerique
929 1411 992 1472 aut
1023 1425 1176 1494 querun-

134 1518 193 1575 tur
218 1507 521 1597 sempcr'aliquitl
555 1514 619 1574 aut
649 1507 755 1596 etiam
783 1505 1019 1594 exprobrant:
1061 1508 1193 1598 coquc'·

135 1609 269 1698 nitigis,
310 1609 341 1676 si
381 1607 515 1676 habore
549 1629 599 1675 se
622 1615 766 1696 putant,
806 1607 902 1696 quod
943 1605 1106 1675 officiose
1141 1617 1176 1676 ct
1239 1670 1242 1674 .

134 1709 250 1777 tunice
276 1716 313 1776 et
344 1731 425 1778 cum
456 1709 583 1776 labore
616 1708 736 1799 aliquo
770 1729 837 1775 suo
871 1709 1006 1776 factum
1042 1721 1175 1798 queant

134 1811 265 1878 (licere.
319 1807 497 1880 Odiosum
524 1831 611 1877 sane
627 1831 741 1899 genus
768 1807 951 1877 huminum
969 1805 1089 1878 officia
1112 1831 1175 1878 ex-

134 1911 403 2000 probrantiumr
431 1931 523 2004 quac
551 1911 755 1979 meminisse
790 1910 898 1980 debet
918 1909 961 1994 is
1000 1911 1037 1978 in
1070 1932 1172 2001 quem

133 2013 382 2095 cottatasuut‚
409 2033 480 2084 nou
503 2033 784 2081 connuemouare
817 2012 878 2102 qui
902 2013 1062 2081 contulit.
1111 2013 1172 2082 Τ).

132 2115 254 2190 tinam
281 2103 436 2182 obtem
471 2122 509 2181 ut
541 2114 585 2198 ii,
618 2115 680 2202 qui
712 2115 930 2202 superiores
952 2121 1052 2198 suut,
1089 2115 1172 2182 sub·

134 2216 273 2283 mittere
298 2237 339 2283 sc
365 2217 498 2287 debent
532 2215 566 2282 iu
594 2215 769 2298 amicitia,
803 2214 856 2283 sic
880 2214 1039 2303 quodam
1064 2216 1171 2282 modo

131 2317 322 2394 infertores
349 2305 535 2388 extoliere.
588 2313 683 2384 Sunt
709 2317 804 2388 enim
821 2316 983 2406 quidam,
1010 2315 1171 2406 qui-mo·

22 2435 23 2440 ’
129 2418 244 2486 testas
276 2414 451 2492 amicitias
485 2417 640 2504 iaciunt,
682 2439 765 2486 cum
804 2417 883 2506 ipse
916 2439 956 2485 sc
991 2419 1179 2486 contemni

131 2525 272 2608 putant:
302 2519 397 2609 quod
424 2541 496 2586 non
513 2521 592 2588 fere
610 2519 784 2610 contingit
808 2519 877 2586 nisi
893 2520 957 2603 iis,
984 2520 1170 2608 quietiam

130 2617 410 2712 contemnendos
444 2641 484 2690 se
517 2621 754 2704 arbitrantur,
794 2621 854 2710 qui
894 2619 963 2687 hac
1003 2620 1170 2708 opinione

129 2743 203 2788 non
229 2724 338 2790 modo
364 2723 504 2806 veinis,
537 2723 602 2790 sed
629 2722 737 2790 etiam
771 2743 880 2810 opere
906 2721 1052 2807 levandi
1076 2729 1169 2790 sunt.

128 2821 190 2892 73.
225 2807 387 2898 Tantum
424 2833 545 2891 autem
578 2823 709 2912 cuique
736 2821 982 2906 tribuendum,
1018 2817 1169 2911 priumm

127 2931 298 3014 quantum
332 2925 408 3013 ipse
435 2923 579 2993 efficere
606 2924 742 3014 possis3
769 2921 900 2992 deinde
927 2923 1034 2992 etiam
1059 2933 1170 3014 quan·

126 3036 202 3093 tum
229 3025 309 3110 itte,
345 3047 450 3115 quem
477 3025 607 3115 diligas
634 3037 750 3117 atquc·x
775 3025 944 3108 adiuves,
961 3047 962 3054 ¹
978 3026 1167 3096 sustinere.

126 3126 320 3195 nonenim
347 3149 463 3216 neque
490 3135 529 3194 tu
554 3128 691 3218 possis,
732 3121 961 3217 quantumvis
998 3126 1168 3206 excellas,

127 3227 244 3296 omnis
271 3237 353 3296 tuos
371 3231 419 3302 mi
441 3229 597 3298 honores
624 3221 865 3320 amplissimos
885 3228 1115 3317 perduceret·
1131 3233 1170 3295 ut

126 3328 252 3418 Scipio
279 3327 322 3398 P.
339 3327 523 3418 Rupilium
553 3330 668 3418 potuit
694 3325 879 3404 consulem
905 3328 1068 3412 efficere,
1095 3329 1174 3410 fra·¹

125 3438 217 3515 tuem
244 3431 322 3499 eius
338 3429 493 3502 Lucium
521 3453 594 3498 non
619 3431 746 3522 potuit.
798 3430 894 3522 quod
911 3429 943 3499 si
957 3430 1067 3500 etiam
1087 3444 1167 3520 pos-

124 3532 175 3599 sis
203 3531 345 3621 quiidvis
373 3533 589 3602 tiet'crrcad
615 3533 786 3616 atterum,
813 3531 1011 3602 videndum
1035 3539 1090 3599 est
1116 3537 1167 3600 ta·

123 3655 227 3716 inea,
256 3634 428 3724 quid‘ittc
457 3632 570 3722 possit
595 3635 785 3704 sustincte.
954 3629 957 3639 ¹

227 3767 289 3836 ii.
323 3763 481 3837 Omnino
509 3768 689 3836 amicitiae
716 3763 960 3837 corroboratis
986 3765 1058 3834 iam
1083 3787 1166 3836 cou-

122 3867 342 3959 firmatisque
363 3880 398 3938 et
413 3869 567 3961 ingeniis
582 3877 617 3938 et
639 3870 817 3939 aetatibus
844 3867 1057 3938 iudicandae
1072 3875 1165 3952 suut,

139 4181 143 4192 ¹
207 4116 301 4189 XIX.
326 4123 360 4195 θ.
369 4129 421 4182 70.
449 4119 629 4198 faciundum]
644 4117 832 4202 faciendum.
865 4118 941 4179 XX.
959 4122 1050 4195 §.73.
1073 4120 1166 4194 neque

121 4215 152 4262 ta
165 4207 269 4280 possis]
286 4210 428 4285 dispessis.
451 4208 636 4282 qiuantamvis
651 4205 791 4284 excellas]
806 4208 933 4282 quicumvis
949 4206 1013 4266 iicet
1029 4205 1156 4264 excutias
