2868 4958
359 385 427 456 DE
448 373 742 455 naiteinins
780 384 1003 464 onnxxt.
1155 391 1198 455 33

154 589 194 652 at
207 577 385 651 Catonem
403 577 525 647 dicere
547 575 689 664 audivi,
717 575 937 648 dissuendae
959 577 1075 670 magis
1091 601 1197 670 qnam

1413 243 1419 310 1

1415 403 1419 446 l

155 682 432 764 discindendae,
459 677 529 748 nisi
548 679 1198 769 quaedamadmodumintolerabilis
1330 684 1334 687 “
1409 679 1420 714 ⁴

133 784 286 854 'iniuria
304 781 499 866 exarserit,
526 787 566 848 ut
579 800 697 871 neque
717 787 854 849 rectum
875 801 992 871 neque
1006 781 1215 853 honestam.

154 887 220 973 sit,
254 905 322 952 nec
347 881 426 951 fieri
453 881 584 970 possit,
617 888 658 952 at
683 901 756 952 non
781 880 903 962 statim
930 882 1099 952 alienatio
1127 885 1197 954 dis·

154 982 557 1076 iunctioqueducienda
577 982 634 1052 sil.
699 983 760 1052 77.
795 979 863 1052 Sin
889 989 1010 1052 autem
1034 992 1098 1054 aut
1123 1007 1198 1056 mo·

24 1145 30 1152 .
154 1109 236 1158 rum
262 1093 325 1154 ant
349 1081 1029 1182 studiorumcommutatio‘quaedam,
1055 1086 1200 1157 allieni

154 1189 269 1273 solet,
295 1186 395 1256 iacta
421 1185 490 1254 erit
515 1189 579 1253 ant
603 1184 641 1252 in
665 1183 719 1254 rei
746 1183 911 1275 publicae
938 1185 1099 1276 partibus
1127 1187 1198 1257 dis·

155 1289 277 1360 sensio
303 1284 611 1356 intercesserit—
627 1284 877 1377 loquor-enim
892 1287 983 1374 iam,
1010 1293 1051 1356 ut
1076 1289 1198 1378 paullo

157 1401 242 1460 ante
268 1388 362 1474 dixi,
389 1387 523 1456 nonde
542 1387 778 1477 sapientium,
805 1389 872 1456 sed
887 1388 932 1456 de
950 1391 1199 1460 communibus

155 1491 322 1560 amicitiis
346 1521 400 1574 ὴ,
418 1489 621 1558 cavendum
648 1488 734 1575 erit,
761 1511 807 1558 ne
833 1509 907 1557 non
933 1491 1050 1560 solnm
1078 1491 1199 1560 amiei-

155 1593 229 1662 tiae
263 1590 467 1682 depositae,
507 1591 573 1660 sed
607 1590 715 1659 etiam
762 1589 969 1661 inimicitiae
1009 1598 1199 1683 susceptae
1236 1637 1241 1647 ι

155 1689 357 1762 videantur.
408 1689 497 1761 nihil
525 1691 627 1759 enim·
646 1690 786 1779 turpius
813 1711 921 1783 qnam
946 1715 1028 1763 cnm
1056 1715 1100 1760 eo
1126 1690 1199 1763 b'el·

154 1796 229 1868 lum
251 1815 397 1886 gerere,
423 1791 567 1881 quicum
586 1791 814 1862 familiariter
833 1793 982 1862 vixeris.
1035 1793 1096 1864 Aa
1113 1796 1199 1864 ami·

157 1897 242 1967 cilia
275 1892 323 1971 Q.
346 1891 500 1982 Pompei
534 1915 615 1962 meo
641 1893 787 1962 nomiae
820 1914 861 1963 se
892 1902 1118 1980 removerat,
1149 1903 1200 1966 nt

156 1996 274 2081 scitis,
301 1994 447 2085 Scipi03
479 2001 626 2084 propter
650 1993 912 2096 dissensionem
938 2003 1078 2082 autem,
1106 2018 1200 2089 quae

158 2109 236 2167 erat
262 2097 298 2165 in
325 2117 366 2165 re
390 2096 553 2185 publiea,
581 2095 757 2165 alienatus
779 2103 834 2166 est
860 2117 882 2164 a
909 2097 1049 2188 collega
1075 2113 1199 2167 nostro

156 2197 327 2268 Metello:
367 2204 557 2288 utrumqne
591 2197 666 2288 egit
698 2198 876 2286 graviter,
917 2198 1132 2267 auctoritate
1165 2209 1202 2268 et

158 2300 358 2370 offensione
385 2298 494 2366 animi
521 2300 762 2368 non-acerba.
813 2297 875 2368 78.
904 2295 1027 2374 (lnam
1050 2301 1103 2369 olo
1122 2323 1201 2372 rem

156 2402 309 2492 primum
336 2400 457 2480 danda
485 2419 597 2487 opera
629 2405 701 2485 est,
737 2423 783 2468 na
816 2421 887 2491 qua
921 2400 1120 2471 nauricorum
1146 2401 1199 2471 di·

157 2502 271 2572 scidia
297 2501 401 2570 fiant:
430 2501 485 2569 sin
500 2491 572 2569 tale
587 2500 721 2594 aliquid
738 2491 917 2586 evenerit,
945 2509 984 2570 ut
999 2503 1201 2573 exstinctae

157 2605 278 2694 potius
303 2602 484 2672 amicitiae
518 2622 625 2693 quam
660 2623 856 2691 oppressae
889 2620 972 2670 esse
998 2603 1200 2674 rideantur,

158 2703 372 2779 Cavendum
411 2723 518 2786 vero,
560 2725 607 2769 ne
642 2703 751 2772 etiam
784 2702 820 2770 in
837 2702 970 2794 ¹gravis
992 2701 1202 2774 inimicitias

157 2809 371 2875 convertant
396 2825 437 2873 se.
463 2802 662 2873 amicitiae:
696 2825 744 2874 ex
770 2802 901 2896 quibus
926 2803 1063 2896 iurgia,
1091 2804 1201 2875 ruale-

159 2907 274 2991 dicta,
324 2904 564 2974 contumeliae
604 2905 809 2996 gignuntur.
877 2925 970 2997 quac
1010 2911 1128 2976 tamen
1169 2907 1202 2977 si

158 3006 365 3078 tolerabiles
385 3013 508 3091 erunt,
540 3006 836 3094 ferendae>snnt3
862 3013 900 3076 et
925 3003 984 3076 hie
1002 3005 1118 3078 honos
1142 3031 1201 3077 ve-

117 3151 120 3154 ·
158 3111 227 3178 teri
254 3107 433 3177 amicitiae
466 3107 695 3194 tribuendus,
737 3115 777 3177 ut
808 3108 840 3176 is
873 3107 911 3176 in
937 3109 1043 3197 culpa
1068 3111 1114 3178 sit
1141 3109 1203 3202 qui

158 3210 291 3297 faciat,
317 3232 391 3280 non
415 3209 447 3280 is
474 3208 535 3301 qui
559 3209 719 3298 partiatur
742 3207 922 3278 iniuriam.

276 3407 434 3486 Omnino
468 3410 626 3480 orrrninm
658 3407 788 3482 horum
815 3409 985 3480 vitiorum
1018 3418 1126 3503 atque
1152 3411 1202 3482 in·
1308 3416 1311 3420 ’

159 3514 431 3582 commodorum
458 3534 530 3581 una
556 3513 676 3582 cautio
710 3520 766 3582 est
798 3521 905 3605 atque
931 3534 1005 3581 nna
1032 3513 1203 3602 provisio,

159 3621 200 3696 ut
226 3637 272 3684 nc
295 3613 403 3683 alaris
436 3613 508 3683 cito
543 3614 694 3706 diligere
727 3613 899 3706 incipiant
923 3635 1018 3690 nove
1054 3634 1126 3682 nou
1152 3615 1204 3684 di·

159 3737 281 3818 gnos.¹
324 3713 386 3786 79.
414 3711 527 3808 Digni
554 3725 674 3786 autem
699 3724 783 3785 suut
809 3711 985 3799 amicitia,
1012 3713 1142 3805 quibus
1168 3713 1205 3782 ia

245 4029 340 4092 xxi.
363 4033 460 4107 §.Th
488 4029 541 4090 Sia
559 4043 654 4089 nalem
674 4039 723 4088 aad
741 4035 866 4106 moram]
894 4031 951 4090 Sto
970 4047 1064 4092 ornem
1083 4054 1205 4094 morum.

159 4115 212 4258 {ed
230 4119 317 4258 piam
336 4119 504 4192 inimicitas]
529 4113 582 4176 scd
601 4117 768 4174 inimicitiae
790 4118 887 4176 etiarn.
945 4117 977 4191 ᾖ.
992 4125 1041 4178 78.
1076 4119 1205 4190 discidia]

181 4222 230 4260 rnen
253 4223 293 4260 ra.
917 4217 921 4224 “
1016 4228 1019 4238 s
1082 4209 1092 4224 ²

1032 4303 1052 4364 3
