2868 4958
583 1 709 18 ww-

338 361 407 443 ΒΕ
427 358 711 479 Anlclrtn.=
737 360 843 434 GAP.
866 361 1017 446 xxvn.
1051 441 1053 448 Α
1145 361 1189 442 43

87 574 91 579 ·
127 553 227 626 dein
253 553 531 640 ausimum-ot
555 553 913 645 dicitnr-porrectae.
993 553 1076 638 102.
1105 553 1190 627 acu

140 655 320 747 qnoniam·
347 677 407 726 rec
441 655 623 726 hnmarme
651 657 805 748 tespites
835 659 1066 748 caducaeque
1092 663 1189 742 suut,

140 779 292 847 semper..
313 757 432 848 aliqui
450 758 662 848 anquirendi
686 767 789 844 sont,
817 781 908 849 quos
928 758 1126 849 diligamus
1148 764 1190 826 et

144 881 167 928 e
183 859 315 949 quibus
330 859 719 949 ditigarnurcrcaritnte
744 859 840 944 enim
865 860 1189 949 benevolentiaque

143 960 286 1030 sublata
313 962 431 1030 omnis
457 967 511 1041 est
532 961 646 1034 evita
672 961 813 1030 sunieta
839 961 1054 1031 iucunditas.
1095 957 1189 1030 Mihi

142 1059 425 1151 quidemfluipio
451 1062 885 1155 quamqunmest..snbitn
906 1069 1071 1151 ereptus,
1099 1062 1190 1130 v-icit

144 1153 264 1232 tamen
305 1183 519 1254 semperque
557 1163 676 1234 vivet:
724 1163 894 1234 virentem
934 1164 1029 1234 enim
1068 1165 1189 1232 timavi
1295 1179 1300 1204 ¹

143 1264 241 1334 itlius
257 1264 349 1350 viri,
376 1265 669 1355 quaeoxstinuta
693 1287 767 1339 non
793 1271 860 1336 est„
911 1287 980 1334 nec
1004 1263 1093 1338 mihi
1118 1263 1189 1334 soli

144 1372 421 1462 versatur-aute
439 1367 594 1452 anemos,
618 1367 689 1458 ⁸qui
712 1367 820 1438 iitnm
843 1387 988 1456 semper
1013 1366 1048 1436 in
1076 1367 1187 1452 inani:

144 1465 374 1552 brenacum,
415 1469 625 1555 sedetiam·
654 1469 808 1558 pesteris
842 1468 911 1537 erit
935 1469 1034 1536 cicera
1067 1480 1104 1535 et
1136 1467 1188 1536 in·

143 1566 278 1657 signis·
335 1566 452 1661 Nemo
474 1591 657 1660 umquam
692 1571 811 1640 animo
847 1576 911 1638 unt
949 1590 1013 1659 spe
1050 1568 1189 1638 nraiora

144 1669 334 1757 suscipiet,
375 1669 435 1759 qui
468 1670 541 1742 sibi
580 1693 658 1742 nou,
692 1670 789 1742 itlius
829 1672 1039 1740 memoriam
1078 1677 1188 1761 utque

143 1771 336 1860 inragiuera
376 1772 646 1860 proponendam
672 1777 797 1871 ¹potet.
869 1773 961 1864 103.
1007 1770 1188 1862 Equidem
1294 1790 1302 1810 ’

144 1893 192 1940 ex
225 1872 390 1942 omuibus
421 1874 549 1957 rebus,
591 1872 805 1963 quaemihi
843 1879 907 1942 aut
942 1873 1090 1946 fortuna
1126 1879 1188 1940 aut

124 1983 273 2055 ,natura
299 1972 439 2059 tribuit,
484 1973 578 2042 nihil
612 1973 731 2044 habeo
772 1975 867 2065 quod
908 1997 989 2044 curu
1030 1973 1188 2042 eruricitia

144 2073 328 2162 Scipionis
353 2073 488 2163 possim
515 2095 738 2164 comparare.
797 2075 841 2146 In
869 2075 937 2146 hae
963 2075 1049 2144 mitri
1076 2077 1120 2144 dc
1147 2097 1187 2142 re

143 2175 288 2264 publiea
314 2197 530 2260 consensus,
556 2176 592 2244 iu
615 2175 683 2244 hae
707 2199 829 2272 rernm
852 2177 1077 2265 privatarum
1103 2197 1186 2244 cou-

143 2277 281 2361 sdium,
310 2276 347 2344 in
374 2277 501 2345 eadem
527 2279 671 2368 requies
698 2277 804 2368 plena
830 2277 1080 2346 oblectationis
1106 2277 1185 2360 suit,

143 2375 349 2468 Numquam
388 2377 489 2450 iilum
522 2400 568 2446 ne
601 2378 747 2448 minima
788 2380 931 2470 quidem
968 2402 1007 2447 re
1041 2377 1186 2464 offendi,

145 2480 239 2571 quod
267 2474 411 2570 quidem
434 2479 641 2567 ÷senserim3
680 2480 770 2548 uitrit
796 2481 889 2548 enim
917 2480 1040 2549 andivi
1067 2502 1185 2548 exeo

144 2580 240 2670 ipse,
268 2581 365 2672 qnod
390 2581 543 2670 noliem3
568 2601 642 2650 una
667 2582 796 2651 domus
823 2587 918 2666 erat,
946 2583 1043 2650 idem
1069 2581 1186 2648 vietus

143 2682 244 2772 isque
271 2682 488 2752 communis:
526 2704 644 2773 aeque
669 2682 796 2751 militia
821 2682 958 2768 solum,
985 2683 1049 2750 sed
1078 2681 1187 2750 etiam

144 2782 453 2874 peregrinationes
477 2783 802 2874 rusticationesque
829 2804 1047 2854 comumnes,
1103 2781 1185 2852 tot.

143 2882 237 2955 Nam
263 2885 349 2975 quid
376 2904 444 2974 ego
472 2885 518 2952 de
533 2884 662 2954 studiis
689 2885 805 2954 dicum
827 2882 1071 2976 cognoscendi
1094 2905 1186 2952 sem·

142 3007 209 3076 per
234 2985 367 3076 aliquid
394 2994 502 3078 etque
528 2983 711 3056 discendit
762 2986 799 3054 in
828 2986 957 3076 quibus
985 2985 1114 3056 remoti
1140 2987 1186 3054 ab

144 3086 259 3157 oculis
292 3087 417 3179 popuii
450 3107 556 3156 omne
589 3086 746 3156 otiosum
771 3096 913 3176 tempus
939 3085 1185 3156 contricimus.

144 3186 309 3264 (ineram
337 3205 456 3258 rerum
481 3189 686 3258 recordatio
705 3196 739 3258 et
759 3187 933 3256 meuroria
959 3187 991 3256 si
1017 3208 1186 3256 unacum

143 3288 205 3376 iiio
243 3289 453 3369 occidisset,
495 3290 713 3359 desiderium
755 3289 1036 3358 coniunctissimi
1078 3295 1186 3379 atque

143 3390 378 3460 amuentissirui
398 3391 465 3460 riri
478 3391 575 3460 ferre
591 3391 688 3460 nullo
706 3392 813 3460 ruodo
831 3413 984 3481 possem.
1027 3389 1102 3460 Sed
1119 3413 1186 3460 neo

141 3491 205 3562 illa
239 3492 417 3562 exstincta
450 3498 533 3563 sunt
560 3494 774 3583 alunturque
800 3494 920 3583 potius
947 3499 982 3561 et
1008 3498 1187 3581 augentur

142 3592 363 3684 cogitatione
389 3601 426 3663 et
450 3594 625 3665 memoria
651 3615 750 3663 meat
778 3601 813 3662 et
839 3594 870 3664 si
896 3593 967 3664 iliis
993 3592 1101 3682 plane
1128 3614 1185 3661 or·

129 3905 133 3910 .
239 3850 380 3912 XXVII.
416 3855 535 3928 §.102
571 3862 600 3911 ut
626 3852 681 3910 elia
710 3862 788 3911 netas
808 3852 931 3924 'oriatur]
960 3865 993 3910 ot
1020 3849 1083 3910 olid
1107 3865 1187 3911 octus

142 3940 258 3996 oriatur
278 3957 320 3995 cen
345 3937 418 3998 alio.
475 3939 507 4012 ὕ.
525 3945 592 3997 103.
627 3935 699 3992 nihii
729 3938 805 3993 enirn
834 3936 943 4008 erudivi]
977 3933 1053 3995 nihil
1077 3934 1185 3997 audivi.

141 4022 245 4079 doruus
265 4029 337 4094 eret]
360 4020 461 4080 doinus
484 4027 594 4094 [cruri]⁸
639 4041 732 4092 neque
759 4023 857 4078 rnilitia
882 4022 993 4094 soloin]
1030 4043 1121 4100 acque
1140 4043 1186 4080 ao-

141 4104 202 4162 tam
223 4105 339 4166 mittite.
383 4107 574 4180 alrraturqne]
607 4103 738 4163 alteretur.
798 4106 830 4178 ξ.
849 4111 916 4165 104.
950 4109 1085 4166 meruerit·
1108 4113 1184 4178 mea]

143 4211 292 4250 coccineam.
