2868 4958
249 369 291 437 ld
497 371 500 382 '
611 363 935 438 MELIUS

338 556 469 632 Ortum
494 559 639 654 quidem
665 557 845 631 amicitiae
868 557 1019 648 videtis,
1045 558 1116 632 nisi
1138 558 1225 654 quid
1246 560 1297 631 nd
1427 551 1428 574 ¹

247 661 339 733 haec
363 664 460 733 forte
484 663 607 733 voltis.

336 775 520 868 Firmus.
568 793 631 866 'l'u
666 818 757 865 vero
790 817 920 888 perge,
954 793 1079 865 Laeli!
1122 791 1197 866 Pro
1224 795 1297 867 hoc
1427 883 1428 890 ἵ

249 897 361 986 enim,
389 899 450 992 qui
476 898 593 968 minor
608 904 664 968 est
688 905 794 984 nutu,
822 919 903 967 meo
924 895 1004 966 iure
1025 900 1243 988 respondeo.

341 1033 401 1106 33.
442 1031 660 1106 Scmvom.
701 1029 818 1104 Recto
843 1040 882 1104 tu
909 1032 1070 1126 quidem:
1111 1054 1221 1126 quam
1247 1034 1295 1106 ob
1427 1029 1428 1066 l

247 1158 325 1206 rem
352 1134 553 1204 audiamus.
1066 1221 1068 1225 Ι

343 1263 394 1340 X.
416 1269 574 1340 -Audite
600 1289 708 1354 vero,
743 1267 868 1360 optimi
894 1269 981 1356 viri,
1021 1287 1071 1338 en
1095 1289 1189 1361 quae
1213 1290 1296 1340 sae·

248 1373 395 1463 pissime
422 1371 517 1439 inter
541 1391 599 1439 me·
626 1377 662 1439 et
688 1368 899 1460 Scipionem
925 1373 972 1441 de
998 1371 1156 1440 amicitia
1181 1371 1298 1441 disse-
1427 1391 1428 1466 ᾗ

248 1477 439 1545 rebanturt
480 1491 698 1564 quamquam
730 1473 791 1541 ille
817 1472 962 1563 quidem
996 1471 1086 1542 nihil
1111 1471 1298 1544 difficilius

249 1594 332 1645 esse
350 1574 512 1660 dicebat,
538 1595 647 1664 quum
672 1572 865 1666 amicitiam
883 1595 998 1665 usquo
1026 1575 1074 1643 ad
1092 1585 1298 1644 extremum

248 1677 347 1746 vitae
374 1677 468 1744 diem
494 1697 718 1765 permanere.
771 1697 854 1744 uam
878 1677 939 1745 vel
962 1681 1003 1745 ut
1019 1697 1093 1744 nou
1117 1673 1214 1744 idem
1232 1697 1297 1746 cx·

144 1796 147 1804 ’
249 1778 410 1869 pedirct,
436 1777 597 1846 incidere
618 1798 750 1865 saepe,
777 1777 838 1846 vel
863 1784 904 1846 ut
921 1779 970 1866 ,de
989 1799 1031 1846 re
1051 1777 1199 1868 publica
1221 1799 1298 1846 nou

248 1881 345 1948 idem
381 1879 592 1948 sentiretur:
634 1879 765 1946 mutari
801 1878 911 1948 etiam
951 1899 1071 1976 mores
1111 1877 1299 1948 hominum

239 2003 360 2071 saepe
387 1981 548 2065 dicebat,
582 1979 673 2048 alius
700 1979 863 2050 adversis
889 1981 1017 2065 rebus,
1058 1979 1150 2050 alius
1175 1987 1298 2074 aetate
1427 1971 1428 1986 ¹

249 2083 536 2174 ingravescente.
580 2087 688 2172 atque
715 2104 839 2151 earum
865 2102 986 2151 rerum
1013 2081 1220 2171 exemplum
1247 2101 1299 2152 ex
1427 2103 1428 2112 ¹

249 2184 484 2254 similitudine
511 2183 678 2274 capiebat
696 2183 852 2254 ineuntis
870 2184 1018 2268 aetatis,
1045 2185 1143 2275 quod
1164 2182 1298 2254 summi

249 2306 616 2380 puerorumamores
642 2307 754 2374 saepe
778 2307 852 2354 una
878 2307 959 2356 cum
993 2291 1183 2376 praetexta
1207 2291 1298 2375 toga·

249 2395 487 2478 ponerenturr
541 2385 601 2459 34.
629 2386 686 2456 siu
712 2393 833 2455 autem
852 2388 898 2455 ad
917 2386 1199 2456 adolescentiam
1215 2407 1297 2476 per·

251 2487 458 2574 duxissent,
486 2487 604 2558 dirimi
630 2481 751 2558 tamen
776 2488 956 2558 interdum
982 2488 1212 2558 contentione
1234 2487 1298 2558 vel

249 2591 403 2660 uxoriae
436 2589 653 2660 conditionis
685 2591 746 2658 vel
779 2591 959 2660 corumodi
992 2589 1163 2675 alicuius,
1196 2589 1298 2681 quod

249 2693 346 2762 idem
372 2691 524 2781 adipisci
548 2698 701 2784 uterque
732 2713 806 2760 nou
837 2698 972 2782 posset.
1031 2690 1143 2770 Quod
1175 2689 1298 2782 siqui
1426 2763 1427 2768 ,

250 2795 393 2885 longius
419 2794 457 2861 iu
484 2794 640 2863 amicitia
667 2793 829 2883 provecti
856 2800 996 2879 essent,
1036 2799 1157 2862 tamen
1183 2813 1297 2882 saepe

248 2895 481 2979 labefactari,
508 2895 541 2963 'si
556 2896 592 2963 in
614 2894 763 2964 honoris
784 2897 1049 2964 contentionem
1067 2894 1294 2966 incidissentt

249 2995 388 3087 pestem
406 2997 501 3064 enim
527 2997 663 3065 nullam
679 2997 852 3064 maiorem
869 3017 950 3066 esse
977 2996 1160 3082 amicitiis,
1187 3017 1296 3086 quam
1426 2981 1427 3044 ἷ

249 3099 286 3168 in
313 3098 494 3190 plerisque
520 3095 699 3188 pecuniae
725 3097 975 3188 cupiditatem,
1001 3099 1040 3168 in
1061 3097 1203 3188 optimis
1217 3097 1294 3188 qui·

250 3203 389 3291 busque
416 3199 566 3270 honoris
593 3208 775 3269 certamen
808 3208 844 3269 et
870 3199 1028 3291 gloriae3
1062 3221 1110 3269 ex
1143 3221 1214 3290 quo
1241 3199 1294 3268 iu·

249 3299 416 3370 imicitias
450 3302 628 3371 maximas
654 3323 767 3391 saepe
793 3301 886 3371 inter
920 3301 1157 3372 amicissimos
1183 3300 1294 3372 exsti·

250 3404 381 3472 {isses
418 3399 479 3473 35.
513 3401 652 3495 Magna
686 3404 795 3472 etiam
829 3403 981 3498 discidia
1015 3410 1051 3472 et
1082 3403 1294 3494 plerumque

250 3506 345 3575 iusta
371 3503 491 3592 nasci,
525 3528 606 3575 cum
633 3505 769 3594 aliquid
801 3505 847 3574 ab
882 3505 1007 3575 surricis
1034 3506 1131 3596 quod
1156 3513 1294 3574 rectum

250 3629 323 3676 non
351 3614 448 3676 esset
482 3608 742 3698 postularetur,
777 3612 818 3674 ut
851 3616 913 3676 aut
939 3607 1108 3679 lubidinis
1141 3606 1295 3676 ministri

251 3715 315 3779 aut
340 3709 523 3780 adiutores
546 3714 668 3778 essent
688 3708 736 3777 ud
762 3707 940 3778 iniurium.
971 3710 1090 3801 vquod
1112 3709 1172 3799 qui
1191 3729 1293 3778 recu·

250 3859 556 3889 ——--——-——-i-

336 3943 380 4005 X.
403 3941 437 4027 ᾗ.
452 3953 504 4006 33.
535 3942 647 4004 Audite
666 3951 748 4016 vero]
771 3941 886 4003 Aeetia
906 3963 985 4018 crgo.
1035 3953 1199 4002 extremum
1216 3945 1294 4002 vitae

252 4029 340 4104 diem]
351 4045 513 4089 extrem
527 4033 610 4087 virne.
633 4040 781 4104 praetexta
794 4036 873 4106 toga]
886 4041 1055 4103 praetexta.
1077 4030 1109 4104 ᾖ.
1118 4035 1171 4090 34.
1182 4028 1294 4088 nullam

252 4120 389 4175 rnaiorem
401 4135 464 4174 esse
474 4116 617 4190 arnicitiis]
638 4117 778 4176 maiorum
788 4135 846 4175 esec
856 4112 968 4174 nullm
978 4116 1012 4172 in
1023 4115 1169 4176 mucidis.
1201 4116 1232 4189 9.
1240 4116 1295 4175 35·

252 4200 380 4274 discidio]
403 4195 535 4260 dimidia.
