2864 4942
218 286 715 406 annornrtouas
742 327 823 425 cap.
844 325 943 404 vm.
966 331 1005 424 a.
1027 335 1083 403 aa.
1112 272 1174 402 rar

135 549 195 606 qno
220 525 401 596 vetanoihil
421 525 501 588 alind
522 524 625 586 dieitur
643 525 716 588 nisit
745 523 788 586 de
817 523 937 589 isthac
963 546 1001 588 re
1024 538 1105 602 esto
1126 547 1176 588 ae·

135 615 214 674 cori
243 615 366 674 animi.

221 693 292 773 Gap.
313 695 405 758 Vlll.
436 695 469 770 θ.
492 700 543 758 28.
591 689 682 752 Nihil
705 707 747 753 est
772 697 981 762 enimaittuto
1010 685 1176 772 meabilius,
1274 731 1280 752 .

135 777 213 842 nibil
231 779 312 861 quad
329 784 423 856 mrtgis
448 778 561 839 alliciat
589 775 633 838 ad
651 775 829 854 diligendum
849 793 901 840 etc.
942 779 990 840 hic
1009 801 1096 857 aegre
1115 775 1179 842 fero

135 867 213 942 qnod
234 885 330 942 neque
351 864 475 924 Beierns
500 883 553 924 nec
574 861 704 922 Orelliua
732 861 873 922 Goerenzi
895 876 1076 940 praeceptum
1098 887 1179 926 secu·

135 944 183 1010 tna
204 963 264 1024 est,
295 951 346 1025 qni
366 970 430 1008 crrrn
451 951 481 1006 in
503 950 563 1032 suia
590 948 669 1006 libris
699 949 831 1007 ornatibus
858 946 1016 1024 Bedaeqna
1037 943 1179 1024 excerptis

137 1037 274 1110 scriptum
296 1035 431 1102 vidisset:
460 1029 598 1090 utibilest
619 1035 694 1090 caim
713 1036 818 1091 uirtute
838 1032 1009 1106 amabilius,
1042 1056 1093 1110 pro
1116 1035 1179 1094 vol·

138 1130 221 1196 gato:
253 1115 332 1176 nibil
356 1131 396 1176 est
424 1120 499 1176 enim
527 1113 681 1176 aumbilius
707 1120 827 1191 vitatae,
849 1118 878 1174 id
899 1119 1094 1192 recipiendum
1115 1121 1179 1178 exi·

136 1205 279 1278 attinuerit,
301 1203 388 1276 idque
409 1222 444 1260 eo
466 1199 580 1260 videtur
600 1199 750 1260 serendam
769 1203 895 1278 aegrius,
917 1203 993 1276 qnod
1015 1205 1179 1278 inoptimia

135 1287 218 1346 libris
238 1297 335 1362 postea
362 1295 406 1344 est
431 1287 575 1361 cognitum
602 1285 685 1342 ictam
710 1285 865 1356 cerberum
891 1287 1105 1347 collocationem
1127 1287 1180 1346 ha·

136 1372 211 1444 heri,
233 1383 265 1428 nt
285 1373 316 1428 in
338 1369 516 1442 Ersnrtenai,
537 1367 717 1443 Basileenai,
744 1367 904 1442 Beruensi,
929 1371 1060 1444 plurimis
1081 1371 1180 1432 Beieri

136 1456 259 1529 aliisque
285 1455 383 1528 libris,
411 1454 516 1526 quibus
544 1455 630 1512 etiam
657 1453 779 1514 vindob.
801 1453 826 1514 l.
858 1465 887 1514 et
912 1453 1042 1515 Vindob.
1063 1454 1103 1515 ll.
1124 1453 1204 1516 'ac-1
1321 1463 1326 1473 ¹
1419 1427 1421 1486 f

138 1540 252 1599 cedunt.
294 1537 367 1596 illud
394 1538 472 1599 anim
492 1536 578 1612 plana
605 1557 664 1596 non
686 1538 837 1614 intelligo,
864 1560 952 1614 qnam
981 1541 1016 1598 oh
1038 1561 1106 1622 rem¹
1126 1539 1181 1602 hoe

140 1623 201 1682 loco
231 1621 355 1682 Beierns
386 1624 650 1680 commemoraverit
678 1621 912 1699 epanaphoram,
942 1645 1017 1698 quae
1044 1625 1080 1684 ad
1107 1625 1181 1685 hanc

139 1709 277 1770 rabonem
297 1704 370 1764 nihil
392 1707 496 1780 poterit
516 1704 647 1772 efficere.
672 1705 797 1780 denique
818 1707 894 1766 coos.
916 1729 1004 1784 qrtetn
1025 1710 1082 1768 iam
1103 1709 1181 1770 Goe·
1272 1703 1276 1707 ¹

139 1792 254 1852 ronzino
276 1791 368 1848 attulit
389 1790 470 1848 locus
490 1790 540 1847 lib.
563 1786 599 1847 de
618 1797 728 1848 natura
748 1789 867 1848 &orum
887 1789 913 1850 l.
935 1812 961 1851 e.
975 1797 1027 1856 44.
1051 1795 1083 1868 ἦ.
1109 1803 1180 1858 121.

138 1872 256 1956 quaracla
267 1873 359 1934 Stoici
374 1872 485 1944 melius,
507 1876 559 1952 qui
573 1894 593 1932 a
609 1871 688 1932 vobis
707 1871 982 1947 reprehenduntur!
999 1893 1180 1956 cemauuu·
1224 1869 1229 1878 ⁸

139 1974 196 2020 tem
214 1962 355 2034 sapientis*
371 1953 547 2031 sapientibus
566 1961 654 2016 etima
680 1961 789 2032 23qu
816 1980 874 2018 esse
894 1964 1017 2022 amicas:
1044 1959 1123 2022 nibil
1140 1977 1182 2023 est

139 2047 215 2106 euim
240 2035 351 2101 virtute
369 2039 545 2116 amabilius,
577 2063 665 2119 quam
690 2045 741 2120 qui
767 2039 889 2118 adeptus
914 2048 987 2120 etit,
1013 2043 1183 2128 ubicumque

142 2131 198 2188 erit
216 2130 362 2202 gentium,
383 2147 405 2184 a
423 2123 507 2184 uobis
527 2122 673 2200 diligetur.

226 2210 345 2271 lhidem.
387 2215 494 2288 quippe
513 2230 578 2268 cura
592 2223 717 2284 propter
731 2207 907 2284 probitatem
926 2217 1013 2274 etiam
1032 2236 1090 2290 eas,
1111 2237 1183 2296 quas
1204 2275 1206 2282 ,

139 2317 297 2374 numquam
316 2291 454 2366 vidimus,
482 2291 608 2372 quodam
634 2291 720 2352 ruodo
746 2291 911 2370 diligamus.
961 2300 1038 2374 qnod
1060 2321 1115 2378 ego
1135 2301 1183 2362 hic

140 2384 228 2440 etiam
256 2401 304 2438 eos
330 2400 381 2453 pro
409 2379 526 2454 volgato
554 2399 601 2440 eos
621 2382 707 2436 etiam
728 2381 844 2456 scripsi,
866 2381 896 2440 id
917 2383 1023 2444 saarrm
1044 2397 1089 2446 est
1109 2389 1183 2462 opti·
1250 2391 1259 2404 ‘

139 2485 253 2524 morum
274 2465 413 2522 librorum
434 2464 610 2536 atteteritbte,
632 2474 663 2522 ut
685 2461 763 2537 Era,
783 2462 1085 2543 Bern.,Vindoh.1.,
1106 2470 1183 2531 Via·

141 2549 207 2608 dob.
230 2546 272 2610 ll.
301 2543 431 2608 omnium
458 2567 531 2622 pene
560 2545 659 2606 Beieri
688 2547 880 2623 aliorumque.
930 2563 1016 2626 atque
1044 2557 1129 2612 etiam
1150 2556 1183 2613 in

142 2634 195 2698 lib.
223 2631 259 2692 de
284 2645 424 2690 saumata
449 2651 474 2691 c.
498 2639 548 2691 23.
571 2632 607 2706 θ.
627 2637 678 2691 83.
712 2651 787 2689 rrrrnc
818 2634 998 2694 scribendum
1032 2640 1182 2698 existimat

141 2715 270 2797 equidem
294 2717 411 2796 ecflnnr
435 2713 531 2774 stridis
546 2729 649 2789 patres
668 2729 792 2787 uestros,
824 2737 895 2795 quos
922 2719 1009 2778 colui-
1024 2735 1052 2779 et
1078 2721 1184 2796 dileat,

142 2799 271 2860 videndi:
301 2796 392 2879 aequa
418 2821 483 2858 aero
504 2820 551 2859 eos
571 2799 647 2858 salos
666 2803 816 2858 convenire
836 2822 927 2878 aueo,
954 2826 1026 2884 quos
1049 2809 1111 2881 ipse
1136 2827 1185 2870 cot

140 2890 245 2962 gaeci,
265 2882 422 2945 sedetiam
441 2884 525 2961 illos,
553 2882 589 2943 de
615 2881 717 2962 quibus
743 2882 843 2944 audiui
863 2901 890 2946 et
911 2886 968 2964 legi
988 2904 1016 2948 et
1036 2894 1097 2966 ipse
1115 2913 1184 2951 coa·

142 2973 254 3045 scripsi.
298 2971 336 3028 ihi
369 2972 446 3028 enim
472 2971 559 3026 etiam
578 2967 645 3026 illas
672 2990 723 3042 pro
752 2969 869 3046 volgato
890 2971 1064 3034 illas'et'utm
1085 2978 1185 3052 optimi

144 3055 209 3116 libri
229 3065 346 3114 tuentur
365 3051 553 3125 murtensis,
577 3050 769 3128 Trevirensia,
790 3051 979 3135 Basileensis‚
1001 3062 1106 3134 quibus
1125 3063 1185 3120 iam

143 3136 379 3198 vindobonensia
399 3136 425 3196 Ι.
453 3135 628 3196 adiiciendns
655 3147 708 3199 est.
758 3137 880 3198 alterum
907 3153 1005 3202 antem
1032 3145 1110 3221 quod
1130 3143 1186 3204 hoe

75 3235 78 3242 ’
142 3222 206 3282 loco
226 3243 279 3297 pro
299 3221 430 3300 volgato:
452 3243 544 3299 neque
563 3242 629 3280 vero
650 3243 696 3280 eos
716 3221 808 3282 solum
828 3229 977 3285 coauettire
997 3249 1066 3288 aneo
1086 3250 1128 3288 ex
1146 3231 1187 3288 is·

145 3307 211 3370 dem
232 3307 324 3379 libris,
346 3308 451 3380 quibos
471 3307 548 3364 idem
567 3303 802 3367 vindobonensia
829 3331 906 3370 rrrrnc
926 3311 1048 3387 accedit,
1070 3316 1185 3390 scriptia

144 3409 240 3472 neptae*
259 3411 326 3450 vero
356 3412 403 3451 eos
428 3387 504 3450 solos
532 3393 681 3456 conuenire
706 3413 792 3466 aveo,
823 3384 854 3452 id
880 3416 965 3456 nemo
986 3397 1185 3474 reprehendet,

145 3478 197 3550 qui
218 3475 383 3551 diligentius
403 3477 433 3532 in
453 3473 508 3533 has
528 3495 574 3532 res
595 3476 771 3552 inqnisierit3
799 3497 866 3536 narn
889 3481 972 3552 ‚qttod
999 3480 1187 3551 Gernhprdaa

145 3561 187 3620 ait
207 3581 237 3634 p.
261 3563 332 3619 156.
354 3561 403 3618 nbi
424 3555 476 3616 sed
494 3562 580 3618 etiam
601 3570 747 3634 seqrratur,
769 3559 941 3622 adjectivum
961 3564 1040 3624 eolus
1060 3586 1117 3624 non
1139 3585 1187 3624 ao·
1280 3592 1282 3596 ¹

144 3644 206 3702 lere
226 3645 308 3719 iungi
329 3665 393 3706 cnm
414 3645 547 3720 negativa
570 3642 766 3717 particula‚-is
787 3664 857 3703 vero
879 3665 958 3706 error
978 3649 1092 3708 videtur
1113 3669 1188 3710 ease.

145 3731 253 3788 etenim
274 3738 303 3787 et
325 3729 441 3804 cogitari
468 3729 574 3800 optime
606 3729 762 3806 potestlita
789 3726 861 3786 haec
888 3733 960 3790 ratio
981 3734 1080 3792 etalii
1101 3735 1188 3793 etiam

145 3811 200 3872 loci
221 3824 298 3884 aunt,
320 3813 370 3870 ubi
391 3810 523 3874 similiter·
542 3811 655 3872 locutas
677 3809 793 3872 Tullios
814 3825 875 3888 est,
897 3817 973 3876 cans.
987 3817 1036 3878 lib.
1059 3815 1095 3877 de
1115 3823 1189 3879 ami·

145 3898 216 3954 eitia
236 3897 312 3954 inira
339 3916 365 3956 c.
388 3902 439 3958 27.
467 3899 496 3972 ᾗ.
522 3902 592 3955 tot.
619 3915 672 3954 aec
696 3893 769 3954 milti
788 3895 861 3956 soli
881 3914 1100 3972 uersatamante
1121 3925 1189 3966 oeu-

147 3977 275 4058 los-qui
295 3977 379 4039 illam
404 3999 513 4054 seraper
533 3982 566 4036 ia
591 3975 724 4038 inanibus
744 3975 849 4053 babai,
880 3981 932 4042 sed
956 3988 1043 4046 etiam
1065 3993 1190 4064 possets

146 4067 203 4125 erit
222 4063 306 4122 clatra
325 4078 353 4123 et
373 4067 513 4139 insignis,
534 4063 584 4122 ubi
605 4074 744 4137 qnantnm
765 4065 898 4140 equidem
919 4069 1023 4146 eciam,
1045 4073 1126 4134 nulla
1147 4084 1191 4138 etl

147 4149 303 4230 scripturae
324 4149 512 4230 discrepantia
532 4148 564 4212 in
585 4147 646 4213 ullo
666 4148 770 4216 codice.
802 4149 853 4216 lib.
875 4148 911 4212 cle
929 4169 1069 4222 scnemata
1089 4178 1114 4218 c.
1138 4165 1189 4220 11.
