2868 4958
349 383 418 450 llll
439 376 710 460 AMICITIA,
753 375 856 448 GAP.
878 379 977 448 XVI.
1139 365 1183 448 25
1256 375 1275 398 ’“

140 601 222 648 meu
250 576 325 646 vita
346 541 487 644 inculta
512 577 549 642 ct
574 573 720 643 deserta
746 572 792 640 ab
819 570 944 642 amicis
969 593 1042 643 non
1068 571 1183 662 possit

139 701 222 750 esse
249 677 417 748 incunda.

236 812 311 882 Seii
337 809 429 880 haee
455 807 640 890 haetenus

232 942 340 1016 XVI.
375 942 435 1016 56.
472 940 726 1012 Constitueudi
751 948 872 1012 autern
898 949 999 1028 suut,
1028 943 1088 1035 qui
1115 941 1186 1014 sint
1266 991 1269 1002 ·

141 1051 177 1120 iu
194 1047 352 1120 airricitia
365 1045 455 1114 lines
477 1051 517 1113 ut
544 1043 647 1135 quasi
665 1043 806 1112 termini
822 1043 1014 1135 diligendi3
1040 1048 1087 1116 de
1108 1048 1185 1136 qui-

140 1154 210 1222 bus
243 1149 307 1218 tris
339 1147 463 1216 video¹
480 1144 679 1215 sententias
710 1144 798 1214 ferri
806 1194 817 1230 ,
858 1167 1009 1235 quarum
1049 1147 1184 1216 nullam

141 1253 275 1342 probo:
303 1270 412 1324 uuam
437 1256 477 1316 ut
492 1247 622 1316 eodem
647 1246 756 1314 modo
774 1268 863 1338 erga
888 1247 1185 1318 amicumaffeeti
1296 1307 1298 1310 .

142 1355 273 1436 sonus,
302 1372 373 1441 qno
400 1371 488 1439 erga
514 1355 654 1416 nosmet
680 1347 799 1436 ipsos3
825 1341 977 1418 alteram
999 1356 1039 1417 ut
1060 1359 1186 1420 nostra
1287 1389 1289 1395 ·
1395 1393 1398 1400 -

144 1456 182 1524 in
208 1453 344 1522 rtrrricos
369 1448 624 1519 benevolentia
649 1447 794 1518 illorum
820 1471 909 1540 erga
933 1472 1002 1519 nes
1029 1452 1186 1520 benevo-

142 1557 275 1624 lentiae
302 1553 437 1642 pariter
469 1550 738 1641 aequaliterque
770 1551 1006 1641 respondeat3
1044 1553 1186 1624 tertiam

141 1666 182 1728 ut
197 1655 322 1747 quanti
344 1653 495 1744 quisquc
516 1673 557 1720 sc
572 1651 649 1740 ipse
664 1651 771 1736 lacit,
797 1652 887 1720 tanti
902 1653 965 1722 liat
986 1655 1032 1724 ab
1048 1655 1185 1725 amicis,

142 1759 204 1830 57.
232 1755 374 1826 Harma
407 1754 513 1823 trium
541 1752 797 1822 sententiarum
830 1754 920 1826 nulli
953 1776 1102 1845 prorsus
1129 1777 1186 1826 as.

142 1858 306 1930 sentior·
343 1877 412 1925 uec
441 1854 536 1924 enim
562 1853 625 1922 illa
649 1852 765 1943 prima
791 1862 979 1942 vernem,
1015 1865 1055 1926 ut
1081 1878 1187 1948 quem

145 1961 192 2031 ad
220 1958 366 2027 rrrodum
392 1957 429 2024 iu
456 1977 497 2025 se
524 1953 693 2046 quisque,
720 1955 775 2024 sic
796 1954 832 2025 lu
858 1956 1012 2028 amicum
1038 1958 1085 2028 sit
1111 1959 1187 2028 ani·

141 2068 274 2132 matus.
341 2079 450 2149 quam
487 2056 601 2126 multa
642 2055 737 2124 enim
777 2078 870 2147 quae
908 2061 1024 2130 nostri
1056 2081 1189 2130 caussa

144 2182 339 2252 numquam
354 2161 579 2242 facerem,
597 2156 760 2232 ¹facimus
785 2158 1003 2229 amicoruml
1045 2163 1188 2251 precari

145 2266 192 2334 ab
211 2263 378 2354 indigno,
399 2258 620 2349 supplicare,
638 2266 714 2336 tmn
729 2259 896 2330 acerbius
909 2261 948 2330 in
963 2262 1116 2354 aliquem
1135 2265 1188 2334 in·

144 2364 232 2434 vehi
256 2361 496 2454 insectarique
511 2357 780 2446 vehementius,
807 2383 900 2452 quac
926 2363 962 2432 iu
985 2367 1118 2435 nostris
1133 2389 1188 2436 rc·

144 2470 214 2536 Irus
230 2489 303 2534 non
322 2467 411 2534 satis
428 2463 597 2547 honeste,
625 2462 662 2528 in
685 2463 881 2532 amicorum
902 2465 991 2535 fiunt
1011 2466 1188 2554 honestis·

145 2569 254 2638 sirac:
283 2567 487 2657 multaeque
503 2568 675 2648 rossum,
703 2564 739 2632 in
766 2565 964 2654 quibusda
991 2569 1067 2639 suis
1093 2591 1190 2638 cont·

146 2669 266 2748 alodis
302 2668 369 2736 riri
404 2665 488 2736 boui
522 2665 634 2734 multa
667 2665 861 2735 detrahunt
887 2666 1100 2760 detrahique
1127 2691 1190 2759 pa·

149 2771 305 2856 liuntur,
338 2775 379 2838 ut
411 2768 456 2836 iis
489 2767 596 2835 aurici
628 2767 880 2856 potiusquam
913 2767 983 2858 ipsi
1010 2770 1189 2842 fruantur.

95 2871 97 2874 ’
148 2872 211 2944 58.
238 2871 368 2942 Altera
399 2868 577 2948 sententia
610 2875 682 2952 cst,
717 2888 811 2958 quac
843 2868 967 2940 definit
998 2872 1191 2942 amicitiam
1309 2870 1314 2874 ’

56 3040 62 3044 .
148 2974 295 3066 paribus
321 2971 450 3042 officiis
483 2991 527 3038 ae
553 2969 810 3041 voluntatibus.
870 2970 940 3044 hoc
965 2973 1191 3064 quidem'est

147 3075 254 3144 nimis
280 3074 412 3164 exigue
439 3077 475 3140 et
501 3069 645 3140 exiliter
670 3072 717 3140 ad
749 3072 910 3144 calculos
942 3096 1077 3145 vocare
1104 3077 1191 3144 ami·
1284 3091 1286 3096 ·

149 3176 288 3260 citiam,
324 3187 365 3247 ut
396 3195 464 3264 par
489 3173 536 3242 sit
561 3173 654 3243 ratio
681 3179 911 3262 acceptorum
944 3183 980 3244 et
1013 3176 1191 3246 datorum.

149 3278 297 3348 divitior
321 3276 409 3346 milri
434 3281 470 3344 et
496 3274 702 3344 affluentior
729 3274 872 3346 videtur
892 3298 974 3346 csse
989 3299 1079 3347 vera
1104 3278 1193 3348 ami·

149 3380 236 3453 citio
257 3400 326 3448 acc
352 3378 549 3452 observare
573 3375 757 3462 restricte,
784 3398 831 3446 ne
845 3378 927 3468 plns
942 3381 1070 3450 reddat
1084 3403 1193 3472 quam
1275 3437 1276 3446 ,

150 3479 342 3570 acceperit.
375 3475 503 3568 Neque
518 3476 611 3546 enim
628 3479 827 3548 verendum
839 3487 913 3567 est,
929 3502 975 3551 ne
991 3483 1078 3575 quiri
1096 3483 1194 3552 cxci·

150 3581 215 3650 dat
232 3587 294 3649 aut
308 3603 352 3648 ne
374 3579 460 3671 quid
477 3577 662 3656 interram
680 3577 816 3653 defluat
837 3588 900 3650 aut
915 3604 959 3651 ne
977 3584 1058 3672 plus
1075 3603 1192 3673 aequo
1274 3585 1276 3592 '

150 3683 236 3773 quid
251 3682 286 3750 in
301 3681 493 3749 molcitiam
509 3686 735 3769 congeratur.
777 3679 837 3750 59.
866 3681 1015 3752 Tertius
1029 3703 1118 3751 vero
1133 3683 1206 3754 ine,
1327 3684 1329 3688 ’

151 3784 232 3854 Iiois
258 3784 491 3868 deterrimus,
517 3789 557 3848 ut
580 3781 704 3872 quanti
727 3782 878 3878 quisque
904 3804 945 3874 se
968 3784 1046 3876 ipsc
1071 3784 1206 3872 faciat,'

224 4033 339 4104 ¹XVI.
373 4037 471 4119 §.560
504 4041 601 4092 aulem
621 4029 701 4110 suut]
733 4046 800 4090 suen
821 4049 927 4094 ocrem.
970 4057 1038 4114 erga
1060 4035 1198 4116 amicam]

152 4141 222 4195 erga
244 4123 360 4179 amicos.
406 4120 437 4193 ἦ.
450 4123 500 4178 57.
523 4117 612 4175 nostri
630 4115 745 4195 co'ussa]
767 4131 867 4178 cicaro
884 4139 996 4180 conara.
1042 4121 1074 4198 ᾗ.
1089 4125 1139 4183 aa.
1162 4141 1199 4181 nc

154 4207 219 4281 quius
239 4225 333 4280 actqno
354 4203 438 4282 rand]
460 4221 496 4260 nc
511 4201 583 4276 plna
603 4219 704 4280 neque.
1208 4215 1211 4222 ¹
