2868 4958
342 347 409 415 ue
431 344 699 422 notrorum.
745 347 845 416 ear.
869 349 913 416 u.
931 349 996 417 xr.
1152 353 1227 454 υκ

141 548 285 625 sarem,
319 540 485 632 quauruis
517 538 669 610 honeste
704 536 740 610 id
765 540 947 627 facerent,
980 541 1037 612 ius
1070 549 1191 612 tornea

141 642 324 712 amicitiae
339 631 510 711 deserere
526 649 765 732 arguerentur
781 642 826 711 ab
843 642 904 729 iis,
931 643 1059 733 quibus
1087 645 1190 712 obse·

141 745 203 834 qui
238 743 392 830 nollent3
426 743 509 812 illos
548 750 688 828 autem,
729 743 792 835 qui
818 743 961 833 quidvis
994 745 1039 812 ab
1073 745 1189 824 amico

141 845 319 914 auderent
360 841 563 934 postulare,
609 844 853 933 postulatione
892 844 972 936 ipsa
1011 845 1189 935 profiteri,

141 947 264 1014 omnia
290 969 331 1014 se
353 943 461 1014 aurici
478 966 610 1014 caussa
636 963 717 1015 esse
741 946 916 1016 facturos.
959 969 1085 1015 corum
1104 970 1189 1038 que·

141 1047 220 1116 rela
245 1046 466 1114 inveteratas
484 1067 557 1115 aon
583 1047 700 1115 solum
715 1046 981 1117 familiaritates
1007 1047 1192 1140 exstingui

10 1237 12 1242 Ι
141 1149 281 1232 solere,
308 1147 373 1215 sed
401 1147 487 1217 odia
512 1147 621 1216 etiam
647 1147 748 1238 gigni
772 1147 1003 1238 sempiterno.

243 1247 365 1335 Haec,
405 1248 529 1340 itaque
568 1247 681 1340 multa
721 1249 826 1340 quasi
863 1250 942 1346 fata
980 1250 1188 1340 impendere

142 1349 329 1434 amicitiis,
364 1355 404 1418 ut
438 1349 559 1418 omnia
590 1350 846 1442 subterfugere
878 1370 953 1420 uon
985 1353 1093 1422 modo
1130 1374 1187 1422 sa·

139 1451 310 1542 pientiae,
337 1450 403 1518 sed
430 1451 538 1519 etiam
563 1450 748 1522 felicitatis
775 1453 912 1520 diceret
937 1451 1008 1522 sibi
1033 1453 1162 1544 videri.

226 1550 298 1621 Xl.
326 1550 388 1621 36.
414 1549 554 1629 fluam
576 1553 623 1622 ob
649 1574 727 1623 reru
751 1552 789 1621 id
815 1554 971 1642 primum
988 1554 1188 1641 videamus

140 1653 173 1722 si
199 1653 337 1742 placet,
364 1660 541 1742 quatenus
568 1673 670 1720 amor
696 1653 732 1721 in
752 1654 910 1723 amicitia
936 1656 1107 1746 progredi
1126 1657 1187 1724 de·

141 1755 235 1824 beat.
294 1749 427 1822 ntrrnne
453 1753 486 1822 si
512 1749 730 1824 Coriolanus
755 1753 882 1824 habuit
907 1756 1063 1840 ruuicoS,
1090 1757 1188 1826 ferre

139 1861 268 1924 contra
299 1854 452 1944 patriam
486 1841 587 1927 alma
620 1855 678 1946 illi
705 1877 787 1926 cum
821 1852 1018 1926 Coriolano
1053 1857 1187 1927 debue-

139 1953 245 2026 runti
279 1977 365 2025 num
382 1953 620 2026 Viscellinum
646 1956 753 2026 aurici
778 1979 930 2047 regnum
946 1964 1186 2049 appeten-tem,

139 2079 229 2127 nuru
263 2055 326 2145 Sp.
359 2053 535 2128 Maelium
570 2058 773 2127 debuerunt
806 2057 956 2128 iuvarel
1022 2059 1083 2130 37.
1125 2060 1186 2130 Τί.

140 2159 286 2254 quidem
317 2153 524 2228 Gracchum
558 2158 841 2246 rempublicam
868 2168 1062 2228 'venitatem
1088 2181 1111 2227 a
1138 2160 1185 2238 Q.

141 2258 343 2330 Tuberone
377 2256 657 2349 aequalibusque
690 2259 816 2328 amieis
850 2260 1061 2330 derelictum
1086 2259 1186 2332 'vidc-

139 2361 280 2430 bamus.
339 2359 393 2430 At
420 2357 463 2429 G.
488 2358 657 2429 Blossius
683 2354 886 2446 Cumanae,
921 2360 1055 2452 hospes
1080 2364 1185 2432 fami·

141 2463 213 2530 liae
240 2468 403 2546 vestrae,
430 2459 631 2546 Scaevola,
666 2483 748 2532 cum
774 2463 821 2531 ad
846 2483 923 2548 me,
951 2465 1012 2554 qui
1038 2465 1227 2536 aderam*

137 2561 296 2632 Laenati
322 2568 359 2630 et
383 2560 531 2652 Rupilio
558 2556 767 2636 eonshlibns
793 2563 831 2632 in
846 2564 1030 2649 ›eonsilio,
1058 2565 1183 2656 depre-

137 2671 260 2734 catum
285 2663 462 2750 uenisset,
496 2663 590 2735 hanc
616 2671 654 2732 ut
677 2665 748 2732 sibi
769 2664 995 2754 ignoscerem
1016 2686 1184 2738 caussam

134 2765 332 2850 afferebat,
369 2765 466 2856 quod
500 2765 590 2834 tanti
624 2763 685 2834 Τί.
710 2760 920 2834 Gracchum
945 2766 1111 2853 fecisset,
1144 2775 1185 2840 ut

137 2865 310 2958 quidquid
337 2865 396 2935 ille
422 2865 549 2950 vellet,
577 2865 647 2936 sibi
671 2865 876 2938 faciendum
890 2873 1058 2958 putaret.
1107 2876 1184 2940 tum

138 2989 228 3058 ego:
255 2965 392 3036 Etiam
409 2989 478 3054 ae,
505 2966 593 3036 silc
617 2965 913 3061 eremicolam
929 2964 1051 3063 facco
1066 2966 1184 3064 ferre

137 3066 273 3138 vellet?
306 3065 650 3165 „Namquam“,
675 3068 808 3160 inquit,
845 3069 1114 3155 „obiecisset
1136 3069 1188 3140 id

143 3165 470 3260 qaidcmsaed,
498 3169 542 3238 ui
574 3169 828 3256 volutaret,
860 3170 1183 3263 paricioccm.“

138 3267 281 3340 Videtis
306 3291 413 3362 quam
438 3270 580 3340 nefaria
612 3288 698 3351 rox.
761 3268 810 3340 Et
833 3269 982 3342 hercule
1014 3272 1065 3343 ita
1096 3273 1184 3343 fecit

137 3367 218 3440 vel'
241 3371 321 3460 plus
362 3371 471 3442 etiam
510 3394 617 3463 quam
657 3372 766 3442 diultz
819 3393 893 3443 non
931 3374 1052 3464 paruit
1088 3375 1183 3446 enim

138 3472 198 3542 ille
232 3471 292 3541 Τί.
328 3468 487 3544 Gracchi
526 3473 735 3560 temeritati,
782 3473 848 3543 sed
887 3462 1063 3566 praefuit,
1114 3499 1181 3546 nec

137 3595 178 3643 sc
212 3574 379 3644 comitem
413 3575 508 3644 illius
539 3574 693 3662 furoris,
719 3575 802 3652 ¹sed
835 3575 964 3648 ducem
1002 3577 1180 3668 praebuit.

301 3735 303 3740 .
383 3739 444 3753 Μ

224 3821 269 3899 Χ.
297 3827 390 3900 935.
424 3826 488 3886 odiu
503 3823 604 3903 etiam]
626 3822 713 3898 ethim
725 3823 808 3908 odio,
849 3820 942 3904 llaec,
962 3823 1177 3910 itaquemulta]

137 3903 226 3968 Haec
245 3909 402 3970 itamaltu.
447 3907 552 3972 axi.
576 3912 673 3986 §.aa
702 3909 860 3990 uomuesi]
888 3910 1042 3989 Num,si.
1087 3915 1178 3990 §.370

138 3991 277 4052 Etiamne
282 4037 293 4066 ,
314 3993 361 4072 si]
391 3993 575 4066 Briantae,
598 3998 732 4072 inquam,
753 3998 793 4054 si.
836 3993 890 4055 scd
906 4000 933 4055 si
952 3997 1103 4072 voluisset,
1119 4019 1178 4074 po·

10 4133 11 4136 ,
137 4074 604 4160 erassem.]cecl,eloolaicec1?
636 4078 859 4161 Puruisccm.
911 4079 1045 4156 hercule]
1073 4079 1176 4144 honlo.

139 4183 196 4222 uon
219 4164 314 4238 poturit
334 4159 422 4246 euim]
444 4185 503 4224 aon
524 4165 599 4224 enim
614 4165 728 4240 paruit.

1005 4265 1026 4324 2
