2850 4940
241 357 810 430 uosuuonsmouns
855 359 1194 450 sansures-n.

241 573 328 628 saepe
353 553 391 610 ita
418 549 530 612 locutus
556 559 599 610 est
626 547 759 624 Tullius,
785 549 823 610 ci.
846 570 932 626 snpra
953 570 977 609 c.
1000 548 1043 612 V.
1066 553 1098 628 §n
1123 560 1172 614 18.
1194 575 1287 632 neque

240 635 276 697 iel
294 635 337 696 uel
356 638 448 694 uiuum
467 655 580 710 reseco,
602 648 635 694 ut
655 635 701 693 illi
721 636 773 714 qui
793 631 863 694 letne
882 633 1015 694 subtilius
1035 633 1194 710 disseram,
1207 639 1286 718 for·

241 736 316 780 tasse
335 742 409 795 nere,
429 718 482 778 sed
499 717 542 777 od
554 739 728 778 communem
742 719 895 778 utilitatem
901 741 1021 794 porum.
1044 732 1073 780 et
1085 719 1178 779 Bruti
1189 742 1215 783 c.
1231 729 1285 782 11.Ι

243 809 275 881 9.
299 811 349 866 42.
370 801 641 883 quoniamquidem
670 824 830 862 consenum
858 817 903 862 est.
917 799 1081 864 rhetoribus
1101 809 1232 866 ementiri
1253 810 1288 864 irt

241 887 388 961 historiis,
410 902 443 946 nt
463 885 580 966 aliquid
598 886 691 947 dicere
705 891 819 962 possint
840 891 982 962 argutius.
1027 901 1056 948 et
1077 900 1189 962 tamen,
1213 893 1237 948 si
1257 899 1287 950 et

242 977 327 1036 ueteri
349 975 414 1032 libri
435 973 515 1046 qrrod
535 971 642 1031 habent
663 973 875 1031 consideramus
897 982 925 1031 et
946 983 1035 1032 totam
1056 972 1143 1032 lruius
1163 974 1219 1032 loci
1240 995 1287 1033 rui

242 1063 361 1132 tionem,
382 1059 471 1133 possit
492 1059 577 1114 etiam
600 1057 635 1114 de
657 1055 720 1128 lrac,
743 1077 818 1130 quae
835 1079 856 1129 (a
878 1077 924 1114 me
945 1068 1057 1132 recepta
1080 1070 1123 1116 est
1146 1061 1287 1133 scriptura

230 1145 375 1212 ,durbitanss
419 1161 452 1198 uc
478 1142 601 1214 primurn
630 1141 746 1215 quidem
774 1141 839 1198 libri
860 1151 889 1198 et
910 1141 994 1199 multi
1016 1153 1044 1200 et
1066 1163 1123 1199 uon
1145 1143 1213 1200 mali
1233 1163 1287 1217 pro

242 1229 376 1302 argutius
402 1222 508 1284 hebent
533 1227 673 1299 arguatis,
702 1225 783 1283 velut
811 1221 979 1301 Gudianus,
1002 1228 1032 1282 in
1054 1246 1111 1300 quo
1133 1237 1226 1284 tamen
1251 1227 1288 1284 ab

243 1313 332 1372 altera
354 1329 442 1368 mauu
463 1307 597 1368 effectum
619 1311 795 1382 argumentis
810 1320 864 1380 est,
887 1306 1055 1388 Bonnensis,
1078 1309 1287 1386 Gottingeusis,

242 1397 274 1456 in
295 1415 353 1469 quo
374 1395 437 1469 ipso
458 1413 574 1467 qtroque
594 1395 747 1467 ascriptum
761 1396 938 1468 argumentis
954 1403 1009 1466 est,
1031 1391 1167 1465 Hoenel„
1182 1392 1288 1456 oxon.

243 1479 300 1552 E„
326 1479 377 1537 alii
403 1477 509 1536 habent
535 1479 727 1552 urguntentis,
754 1489 785 1536 ut
810 1471 936 1553 Vindob.
959 1475 1012 1553 ll.,
1034 1477 1116 1554 Aug.
1140 1475 1180 1537 ll.
1203 1499 1289 1556 apr.

164 1585 168 1593 “
243 1584 333 1637 man,
356 1562 459 1636 reliqui
477 1564 597 1626 autsuis
608 1563 794 1636 argumentis,
817 1574 847 1619 ut
859 1558 1196 1638 Oxouieuses'quinque,
1209 1559 1289 1621 Vin-

136 1679 163 1738 χ
243 1648 311 1709 tlob.
332 1644 370 1717 l.,
392 1658 441 1706 aut
460 1649 522 1704 suis
543 1649 683 1720 argutiis,
713 1656 745 1704 ut
766 1644 867 1705 Oxou.
890 1657 1034 1720 quattuor.
1077 1644 1143 1704 hine
1164 1647 1291 1706 eflicitur

242 1734 275 1792 in
295 1731 377 1790 libris
397 1731 495 1789 multis
513 1751 564 1804 pro
576 1733 710 1804 argutius
722 1730 856 1804 scriptum
868 1751 931 1788 esse
944 1733 1078 1804 argutiis,
1101 1731 1177 1806 qrrotl
1189 1743 1289 1806 postea

242 1819 273 1876 in
301 1818 478 1890 orgumeruis
503 1815 674 1889 glossemate
701 1825 843 1880 mentatum
868 1825 921 1872 est.
964 1815 1038 1873 illud
1064 1817 1141 1873 enim
1164 1816 1290 1875 dubitari

243 1900 325 1958 nullo
347 1899 432 1957 modo
452 1908 546 1971 potest
566 1899 637 1971 quin
658 1900 782 1972 orgeriis
802 1900 947 1974 antiquius
968 1901 1005 1958 sit
1029 1919 1116 1974 quam
1133 1921 1289 1974 urgnrnem
1354 1911 1357 1922 ·

243 1987 291 2044 tis.
334 1982 411 2057 quod
432 1991 528 2041 autem
548 1979 578 2040 in
600 1981 698 2042 multis
719 1982 799 2040 libris
820 1994 886 2040 ante
903 1986 1026 2056 argutiis
1044 1994 1094 2041 aut
1111 1987 1291 2060 argumentis

244 2070 379 2142 scriptum
400 2069 460 2126 suis
481 2078 543 2138 est,
562 2067 592 2125 id
613 2067 667 2125 etsi
688 2068 803 2140 saepius
823 2065 878 2124 lroe
897 2088 1063 2142 pronomen,
1076 2069 1178 2127 iniuria
1200 2071 1290 2127 otnis⁶

244 2174 310 2215 snm
331 2173 395 2212 esse
416 2153 532 2225 scimus,
554 2150 590 2209 cl.
602 2147 770 2209 Emendutt.
796 2151 930 2210 Tullion.
949 2174 978 2227 p.
992 2159 1032 2212 20
1045 2173 1102 2228 sq„
1124 2163 1218 2211 tamen
1233 2152 1290 2210 lroe

244 2239 307 2296 loco
328 2237 410 2296 nullo
431 2247 511 2310 pacto
539 2245 632 2310 potest
659 2230 788 2310 probari,
819 2255 886 2294 narn
914 2248 943 2294 et
968 2235 1123 2296 deteriores
1149 2237 1193 2295 illi
1220 2237 1288 2296 libri

245 2332 313 2382 suunt
339 2341 434 2394 nequa
462 2319 525 2377 loeo
553 2340 606 2378 suo
628 2321 752 2394 positum
773 2340 930 2396 pronomen
951 2332 1010 2394 est,
1037 2320 1116 2396 quod
1143 2329 1203 2380 erat
1223 2333 1291 2398 post

244 2407 370 2478 argentiis
390 2402 445 2472 lroc
467 2402 527 2460 loeo
549 2403 754 2462 collocandum.
799 2424 873 2478 qrrae
894 2425 959 2463 cnm
980 2407 1019 2465 ita
1047 2407 1119 2480 situ,
1148 2405 1220 2464 nihil
1241 2427 1289 2464 re⁵

244 2489 358 2563 liquam
379 2499 424 2547 est
443 2489 499 2546 uisi
522 2499 553 2545 ut
573 2489 609 2546 de
631 2489 769 2562 scriptura
795 2492 929 2563 argutius
955 2501 1041 2564 atque
1068 2495 1191 2566 armoniis
1212 2491 1289 2548 iudi·

245 2593 354 2634 oenrns.
396 2585 482 2646 atque
511 2572 584 2630 illud
615 2573 732 2646 quidem
759 2573 817 2631 iam
844 2592 931 2647 stupra
959 2573 1121 2650 significavi
1151 2578 1286 2650 argutiam

241 2679 303 2734 ·quo
325 2677 389 2716 sese
411 2657 544 2714 defendat
566 2657 688 2715 rnnltum
709 2655 832 2731 habere,
863 2678 929 2715 nam
957 2669 986 2716 et
1006 2677 1091 2732 spepe
1113 2661 1153 2717 sie
1173 2679 1289 2734 compa*

245 2745 355 2802 rativus
376 2762 392 2801 a
415 2739 513 2799 Tullio
536 2751 691 2815 usurpatus,
715 2752 758 2799 est
784 2753 813 2806 et
834 2744 937 2800 iustam
960 2740 1165 2802 Graeculorum
1188 2764 1287 2816 repre5

245 2827 413 2886 hermionem
435 2827 568 2883 continet.
612 2823 668 2883 huc
694 2825 800 2883 accedit
826 2826 903 2900 qrrod
926 2825 1009 2884 sucile
1031 2830 1121 2902 potuit
1143 2831 1287 2901 (arguelles,

179 2919 183 2930 '
246 2911 324 2986 quoel
345 2920 394 2968 out
414 2928 472 2967 non
492 2919 566 2968 recte
587 2909 796 2984 intelligeretur
816 2910 972 2968 alibrariis
985 2923 1033 2982 aru
1048 2912 1120 2969 salso
1132 2911 1288 2992 legeretur,¹

246 3015 312 3054 cum
332 3014 391 3052 uon
412 2993 536 3052 solerent
557 3005 670 3052 veteres
690 2997 703 3050 i
722 2993 844 3052 litteram
867 2997 979 3068 prumtis
998 3006 1115 3071 notare,
1137 2996 1288 3070 depravari

246 3081 277 3137 in
298 3079 432 3152 angustiis,
454 3078 531 3152 qrrod
552 3097 617 3139 eum
639 3079 730 3137 semel
751 3080 980 3154 exstitissetfet
1000 3082 1063 3138 stria
1083 3080 1224 3140 adiectum
1246 3100 1288 3140 ex

246 3164 418 3240 glossemate
447 3173 493 3220 est
521 3173 562 3221 et.
576 3165 753 3237 terguntentis
783 3164 819 3220 ab
852 3163 915 3220 aliis
948 3165 1117 3238 ascriptum
1153 3155 1189 3222 alr
1223 3164 1288 3222 aliis

245 3268 298 3323 pro
319 3267 354 3306 eo
376 3257 530 3320 receptum.
546 3261 548 3266 ’
566 3247 603 3308 jd
625 3249 793 3320 vesontium
813 3267 869 3318 tran
884 3267 1035 3321 possumus
1049 3268 1154 3323 negare
1167 3239 1224 3306 uon
1241 3249 1288 3305 iu·

246 3343 342 3405 eptam
364 3330 425 3388 sore
446 3331 635 3406 senteutiam,
663 3334 687 3388 si
716 3331 887 3390 scribamusr
914 3329 966 3390 sed
984 3329 1062 3390 nihil
1080 3346 1120 3392 est
1141 3329 1220 3410 quod
1237 3331 1287 3390 illi

245 3436 306 3476 noo
325 3427 539 3491 persequantur
559 3417 700 3488 argutiis,
721 3433 789 3475 nem
810 3415 945 3489 qrremad
959 3416 1075 3474 modum
1097 3413 1157 3474 Cic.
1179 3417 1229 3476 lib.
1251 3413 1289 3474 de

174 3559 176 3569 ,
246 3495 336 3558 divin.
358 3496 396 3557 ll.
420 3517 444 3558 c.
468 3503 497 3557 6.
521 3499 554 3572 §,
578 3505 629 3558 17.
650 3495 687 3558 ob
707 3500 760 3570 iis,
782 3499 887 3574 iuquit,
909 3502 960 3576 qui
978 3497 1105 3558 siderum
1125 3514 1218 3560 motus
1230 3521 1289 3558 nu·

245 3587 331 3642 nteris
346 3597 578 3660 persequuntur,
600 3585 638 3641 ita
660 3583 752 3658 potuit
772 3585 859 3643 etiam
880 3583 950 3642 dici:
981 3582 1062 3664 quod
1079 3583 1125 3642 illi
1145 3605 1198 3644 nos
1213 3605 1294 3660 per·-

245 3681 403 3747 seqnontur
423 3671 558 3741 (argutiis.
601 3678 725 3726 attamen
747 3668 833 3726 etiam
855 3665 897 3726 sic
917 3670 1127 3748 coruparativus
1143 3680 1287 3743 praestare

245 3755 376 3822 videtur,
407 3753 483 3810 conl.
512 3752 636 3825 (lenique
664 3748 723 3810 cie.
745 3751 795 3809 lib.
818 3748 854 3810 de
873 3765 948 3812 orat.
971 3751 1012 3812 11.
1034 3773 1058 3810 c.
1083 3759 1134 3812 ⁴3.
1158 3753 1190 3828 ᾗ.
1214 3759 1286 3812 182.

246 3839 273 3895 si
288 3833 362 3914 quid
369 3839 662 3914 persequereocrius,
684 3849 717 3892 nt
731 3837 838 3896 inritus
856 3848 1009 3896 uenatus
1020 3837 1130 3916 fucere
1143 3835 1265 3896 videtne.

330 3919 453 3980 Ibidem.
495 3921 566 3978 satis
590 3940 730 3998 superque
755 3941 812 3976 esse
836 3917 892 3978 sibi
916 3941 1036 3978 steorte-tn
1057 3925 1158 3999 cuique
1178 3941 1284 3982 rerunn

248 4005 288 4067 sle
308 4023 349 4064 ex
368 4003 450 4062 libris
471 4017 580 4063 tantum
601 4009 660 4061 n'on
681 4005 812 4062 omuibus
829 4016 857 4062 et
873 4006 998 4079 anitiquis
1013 4005 1184 4064 editionibus
1200 4003 1286 4064 eden·

248 4088 317 4150 dum
339 4089 450 4162 pretori,
472 4090 525 4148 etsi
546 4089 695 4148 novissimi
716 4089 803 4147 critici
824 4109 881 4148 uuo
902 4087 1041 4148 ¹consensu
1063 4110 1162 4148 ornnes
1183 4109 1287 4164 prouo-

248 4193 315 4234 mon
335 4167 391 4232 sibi
411 4172 598 4234 omittendum
619 4183 806 4249 censuerunt,
835 4172 913 4248 quod
939 4174 1077 4234 omissum
1099 4183 1142 4234 est
1163 4174 1193 4232 in
1214 4173 1288 4232 libro
