2868 4958
270 391 367 440 m·
557 335 1015 442 sunniatas.

270 559 360 625 libus
385 557 513 636 datnmt
552 555 711 644 plurimas
738 557 828 624 enim
858 557 927 624 eius
959 583 1028 626 esse
1056 561 1301 631 commoditates

272 669 347 711 cum
361 643 403 708 -in
425 643 587 730 prosperis
609 657 678 706 tum
699 643 735 707 iu
756 643 903 709 adversis
925 647 1039 728 rebus,
1061 670 1090 712 c.
1115 644 1176 713 Vl.
1208 646 1302 714 illam

272 745 381 795 autem
402 727 553 792 omuibus
575 741 752 814 praestare,
774 729 859 813 quod
883 729 967 794 bona
989 754 1045 820 spe
1067 733 1250 820 praeluceat
1264 733 1303 798 in

270 829 454 904 posterum,
493 836 553 876 nec
586 810 747 877 ‹labilitari
773 812 900 878 animos
928 830 985 896 ant
1012 819 1123 880 cadere
1149 817 1302 904 patiatur,

271 925 301 966 c.
326 897 404 964 Vll.
446 895 641 962 Amicitiam
661 918 741 961 vero
763 919 782 961 a
805 913 921 962 nature
943 899 1165 986 potiusquam
1187 904 1227 964 ab
1249 903 1303 966 in·

193 1041 196 1046 .
270 983 415 1070 digentia
437 995 542 1044 ortam
565 1003 651 1059 esse,
680 996 712 1045 et
739 981 954 1068 applicatione
975 985 1080 1068 magis
1102 985 1206 1049 animi
1227 1011 1304 1052 cum

270 1069 411 1157 quodem
433 1087 531 1130 sensu
552 1064 696 1141 amandi,
719 1089 815 1151 quam
834 1065 1042 1148 cogitatione,
1065 1084 1221 1154 quantum
1242 1070 1304 1136 illa

270 1178 323 1220 res
351 1148 503 1216 utilitatis
529 1149 572 1215 sit
598 1148 767 1230 habitura,
802 1173 831 1217 c.
863 1149 958 1217 tht.
1002 1150 1100 1236 Quod
1128 1154 1159 1218 si
1187 1177 1305 1219 verum
1369 1149 1372 1156 ⁴

271 1252 354 1304 esset
375 1237 416 1300 ab
437 1231 661 1300 imbecillitate
686 1233 848 1321 proficisci
876 1235 1083 1319 amicitiam,'
1103 1252 1139 1302 ut
1167 1239 1305 1340 quisque

269 1321 446 1389 minimum
485 1317 521 1384 in
559 1341 593 1382 se
635 1341 705 1384 esse
742 1319 978 1396 arbitraretur,
1020 1321 1066 1385 ita
1104 1321 1145 1386 ad
1187 1323 1307 1387 amict-

270 1408 351 1474 tiam
371 1415 453 1471 esset
474 1401 678 1489 aptissimus,
707 1401 792 1489 quod
820 1404 920 1487 longe
947 1426 1038 1486 secus
1060 1425 1129 1471 esse
1156 1406 1305 1492 docetur,

271 1489 389 1576 celX.
432 1487 579 1554 Difficile
605 1503 715 1552 autem
743 1511 813 1552 esse
840 1489 1018 1553 amicitiam
1046 1513 1148 1590 usque
1173 1491 1214 1555 ed
1242 1517 1305 1557 ex·
1423 1499 1424 1550 l

270 1593 414 1642 tremum
435 1572 521 1639 vitae
543 1593 744 1660 permanere.
770 1572 855 1638 Nam
870 1575 924 1639 vel
946 1588 982 1637 ut
1004 1597 1070 1638 non
1092 1575 1179 1640 idem
1201 1599 1305 1664 expe·

205 1734 207 1745 ¹
272 1661 373 1743 diret,
395 1657 541 1724 incidere
563 1679 676 1744 saepe,
707 1657 762 1722 vel
787 1671 825 1721 ut
845 1657 942 1722 amici
965 1659 1004 1721 dc
1026 1659 1213 1746 republica
1235 1685 1304 1727 non

270 1747 359 1812 idem
389 1742 564 1824 sentirent,
590 1741 711 1806 mutari
738 1740 837 1807 etiam
864 1760 959 1830 saepe
990 1767 1095 1808 mures
1127 1743 1304 1812 hominum

153 1829 155 1832 ’
272 1831 353 1896 alias
376 1827 521 1894 adversis
542 1828 653 1907 rebus,
674 1826 871 1891 aliasaetate
884 1825 1143 1913 ingravescente.
1181 1829 1302 1918 Magna

272 1937 397 2002 quoque
425 1911 562 1976 discidia
591 1927 622 1974 et
640 1907 839 1998 ,plerumque
866 1910 950 1976 iusta
979 1912 1083 1994 nasci,
1110 1936 1211 1998 quom
1237 1915 1300 1978 aliss

294 1999 350 2066 uid
372 1999 413 2062 ab
434 1995 565 2079 amicis,
587 1989 680 2081 eptattd⁴
694 1994 819 2060 reolum
840 2019 908 2060 non
930 1995 974 2059 sit
994 1997 1187 2084 postuletur,
1208 2021 1238 2064 c.
1250 1998 1300 2066 X.

271 2025 385 2171 ltaque
414 2103 444 2147 c.
466 2079 532 2164 Xl.
566 2092 609 2145 ex
632 2080 750 2144 licetur
779 2096 936 2166 qnatenus
967 2101 1061 2146 amor
1093 2081 1130 2146 in
1157 2081 1301 2158 amicitia

270 2167 427 2260 progredi
447 2166 571 2231 debeat.
644 2167 749 2232 ullam
770 2165 858 2230 enim
882 2189 951 2235 esse
964 2167 1210 2235 excusationem
1222 2191 1300 2254 pec-

274 2255 359 2335 cati,
388 2255 416 2316 si
444 2250 542 2316 amici
573 2265 686 2334 caussa
717 2250 918 2350 peccaveris.
961 2249 1057 2315 llenc
1088 2252 1194 2338 potius
1228 2273 1301 2316 esse

270 2339 378 2423 legem
405 2336 441 2400 in
466 2333 609 2398 amicitia
634 2334 863 2417 sanciendam,
890 2349 927 2398 ut
948 2356 1052 2419 nequa
1073 2359 1225 2420 rogemus
1246 2359 1301 2404 res

270 2439 401 2510 turpes,
437 2435 498 2483 ttec
522 2418 683 2483 faciamos
707 2417 833 2501 togati,
866 2441 896 2484 c.
918 2417 1000 2483 ΧΠ.
1043 2435 1078 2483 ut
1110 2423 1152 2484 ab
1185 2420 1301 2488 amicis

271 2505 407 2574 honesta
439 2518 604 2592 petamus,
635 2503 815 2567 amicornm
837 2525 949 2568 caussa
970 2503 1106 2569 honesta
1127 2504 1304 2590 faciamus,

270 2612 331 2659 nec
353 2601 577 2676 exspectemus
594 2586 726 2672 quidem
748 2587 825 2664 dom
846 2609 1020 2671 rogemura
1046 2589 1190 2654 studium
1212 2613 1299 2656 eem-

294 2701 331 2742 er
342 2676 437 2758 adsit,
449 2671 612 2738 cunctatio
624 2671 726 2752 absit3
748 2671 924 2737 consilium
934 2694 1015 2738 vero
1026 2672 1105 2738 dare
1118 2673 1294 2742 audeamus

270 2701 391 2842 libere,
406 2758 585 2848 plurimum
596 2756 634 2824 itt
648 2755 792 2821 emistis
804 2757 986 2822 amicorum
998 2758 1081 2822 bene
1093 2757 1298 2825 suadentium

270 2849 379 2914 valeat
404 2842 595 2920 anctoritast
626 2855 663 2906 ut
693 2841 834 2925 denique
861 2840 957 2907 bonis
989 2841 1170 2910 amicorum
1199 2845 1297 2908 rebus
1334 2903 1337 2914 ,

270 2933 447 3011 laetemur,
474 2928 642 2991 doleamus
658 2923 854 3009 'contrat-iis,
876 2950 905 2993 o.
928 2923 1028 2991 Xlll.
1070 2925 1173 2992 Bonis
1189 2942 1298 2994 autem

270 3015 359 3082 inter
378 3015 481 3078 bonos
502 3007 829 3096 quesiueeenurtam
851 3009 1108 3076 benevolentiam
1134 3033 1220 3088 ease,
1241 3010 1299 3099 qui

271 3102 313 3167 sit
337 3097 501 3164 amicitiae
519 3096 593 3162 fons
609 3115 628 3158 a
647 3109 764 3160 natum
783 3093 977 3162 constitutus
984 3114 1047 3177 ,·c.
1066 3093 1162 3162 xlv.
1204 3094 1299 3162 Stol-

270 3201 340 3251 tom
371 3205 452 3251 vero
483 3203 553 3246 esse
578 3194 684 3246 cetera
703 3199 833 3266 parare,
860 3201 942 3264 quae
965 3193 1121 3266 parantur
1145 3180 1299 3268 pecunia,

270 3269 392 3336 amicos
419 3289 484 3332 non
510 3285 645 3352 parare,
677 3262 836 3352 optimam
869 3278 899 3328 et
927 3262 1182 3352 pulcherrimam
1208 3265 1299 3332 vitae

270 3348 521 3444 supellectilem,
548 3372 577 3415 c.
600 3345 680 3416 XV.
724 3345 765 3412 ln
791 3339 1028 3414 constituendis
1049 3365 1157 3415 autern
1181 3348 1300 3414 amici-

269 3438 333 3505 tiae
351 3435 471 3503 finibos
489 3448 554 3498 tres
567 3433 669 3519 vulgo
681 3431 857 3498 sententias
873 3432 967 3517 ferri,
987 3456 1104 3520 onam,
1125 3448 1162 3500 ut
1182 3433 1299 3500 eaden

268 3523 367 3589 modo
402 3527 478 3601 erga
508 3516 650 3582 amictum
678 3516 786 3582 allecti
813 3517 934 3600 simus,
967 3540 1031 3604 quo
1060 3540 1137 3604 erga
1170 3529 1299 3586 nosmet

160 3601 163 3607 ’
268 3607 374 3697 ipsos3
397 3606 593 3685 altorum,
616 3616 653 3666 ut
673 3613 783 3667 nostra
803 3600 839 3666 in
862 3603 985 3670 amicos
1000 3602 1230 3670 -benevolentia
1251 3602 1300 3668 it-

267 3695 377 3761 lorum
399 3712 476 3776 erga
495 3710 554 3752 nos
577 3685 822 3752 benevolentiae
838 3687 963 3774 pariter
982 3688 1224 3774 aequaliterque
1244 3710 1300 3752 re·

268 3778 442 3868 spondeat3
471 3775 663 3854 tertiam,
690 3785 727 3834 ot
750 3771 864 3856 quanti
886 3773 1022 3859 quisque
1044 3793 1078 3836 se
1097 3769 1166 3856 ipse
1185 3771 1297 3854 faciat,

267 3863 349 3928 tanti
371 3864 428 3927 fiet
447 3862 488 3924 ab
507 3857 633 3924 amicis.
678 3854 806 3920 llarom
832 3854 932 3924 trium
953 3852 1187 3922 sententiarum
1210 3854 1299 3922 Lae·

265 3947 331 4012 lius
358 3947 407 4012 ait
431 3967 466 4010 se
492 3942 575 4008 nulli
593 3963 726 4029 prorsus
750 3940 911 4006 assentiri.
953 3939 1176 4027 Reprehendis
1197 3941 1298 4006 ctiam

265 4024 393 4096 Biantis
410 4028 495 4115 quod
516 4025 842 4106 ferebatur'diotum,
870 4023 918 4090 ita
941 4046 1051 4088 amare
1070 4040 1237 4111 oportere,
1259 4037 1300 4090 ut

265 4115 293 4181 si
311 4114 486 4201 aliquando
506 4112 549 4176 sit
564 4129 699 4194 osores,
720 4133 750 4176 c.
771 4107 870 4175 XVI.
913 4107 976 4173 llis
993 4105 1100 4196 potius
1121 4109 1242 4176 linibus
1258 4109 1299 4174 in

264 4200 408 4267 amicitia
433 4195 590 4264 utendum
610 4215 696 4278 essa,
721 4209 759 4260 at
780 4215 880 4279 quum
902 4192 1065 4261 emendati
1083 4203 1192 4262 mores
1209 4191 1297 4260 emi-
