2850 4940
230 333 804 410 lbbANNO-TATIONES
849 336 1241 426 cap.x11.s.tu.4r.
1280 349 1283 356 ’

229 519 397 611 cogitatione
423 553 463 593 ex
489 532 620 606 sequenti
647 531 803 590 counimus
832 529 1037 589 assumendum
1065 513 1222 591 esae⁸acer
1241 543 1273 594 et

166 630 170 638 ‘
229 619 363 678 historiae
385 618 453 678 fidei
475 629 503 677 et
523 619 627 677 rationi
647 617 847 693 grarnrnaticne
874 625 903 674 et
925 617 1002 674 omni
1023 617 1121 675 sensui
1142 615 1272 678 hnmano

230 705 416 765 reborarcnter
431 713 583 780 repugnat.

314 817 386 895 Gap.
409 819 479 880 Xll.
504 822 535 894 b.
560 827 612 880 40.
634 805 637 816 ’
656 813 778 897 deflexit
803 819 863 876 iuru
884 815 1098 896 aliquantulum
1120 817 1272 895 despatio

228 906 428 986 curriculoque
447 900 620 964 consuetudo
641 906 791 960 urniorum.
834 900 970 960 hocloco
992 905 1069 978 quod
1090 903 1214 964 Beierns
1227 917 1272 964 at·

229 1012 286 1068 que
308 990 437 1050 Orellius
459 990 629 1064 optimorum
651 985 789 1044 librorum
810 989 975 1046 arroteritate
995 989 1162 1047 abiecerunt
1183 993 1272 1064 porti·

229 1076 323 1134 culam
351 1078 425 1132 euim
450 1082 515 1148 post
541 1070 679 1147 deflexit,
707 1071 738 1129 id
764 1091 877 1130 summo
904 1073 967 1129 iure
991 1073 1096 1130 factuam
1119 1085 1162 1132 est
1183 1083 1272 1150 atquo

229 1161 314 1220 ctiam
337 1157 568 1232 praestantissimi
590 1157 655 1214 libri
676 1157 768 1214 uoslri
788 1175 888 1213 eorarm
905 1159 1074 1214 senteutiam
1089 1155 1285 1219 confirmant(

229 1243 393 1318 particulam
415 1245 490 1300 euim
510 1261 596 1314 saepe
611 1260 674 1300 esse
687 1261 727 1298 ex
737 1239 910 1314 glossemate
922 1239 1058 1298 adiectam
1071 1261 1157 1315 supra
1172 1243 1271 1301 docari-

229 1347 294 1386 rnus
316 1327 352 1385 ad
368 1347 392 1384 c.
406 1323 462 1385 lll.
477 1325 508 1400 ᾗ.
523 1333 573 1384 10.
586 1347 614 1400 p·
632 1331 702 1386 102.
725 1319 802 1381 ua'llr'l
811 1322 883 1381 muli
895 1322 1031 1401 occidisse
1044 1323 1177 1399 Scipioni
1183 1341 1271 1400 patto,

228 1409 302 1470 milri
321 1408 437 1483 accidit,
456 1413 483 1468 si
504 1406 577 1488 quial
595 1407 722 1480 accidit„
743 1409 793 1467 ubi
814 1409 900 1466 etiarn
917 1408 983 1466 libri
998 1406 1149 1467 Gudianus
1162 1409 1271 1483 etAn-
1298 1465 1301 1468 .

228 1508 368 1574 gustanus
384 1491 426 1556 ll.
447 1494 613 1570 particulam
635 1496 710 1550 euim
730 1502 795 1567 post
814 1488 892 1548 nibil
903 1494 1045 1564 omittunt,
1071 1492 1269 1570 Gottiugernis

228 1593 323 1638 autem
346 1579 431 1638 babel
452 1600 469 1637 a
490 1578 613 1638 sectanda
635 1597 722 1636 mauu
743 1576 892 1650 adiectam.
935 1576 1037 1636 deiude
1060 1598 1111 1650 pro
1132 1578 1267 1656 aliquun-

228 1663 322 1723 tulum
343 1663 473 1724 Orellius
497 1663 578 1722 nulla
605 1662 743 1723 librorum
765 1663 930 1724 audacitate
951 1659 1105 1736 legendum
1134 1683 1198 1721 esso
1220 1683 1270 1722 su-

228 1751 351 1824 spicatus
371 1759 432 1807 crat
453 1747 644 1826 aliquantum,
666 1767 755 1820 quam
776 1748 942 1819 scripturam
964 1747 1017 1804 etsi
1038 1748 1067 1802 iu
1090 1746 1170 1806 libris
1191 1746 1270 1804 Viu-

228 1835 294 1891 dob.
317 1834 340 1890 l.
363 1845 392 1891 et
413 1829 536 1890 Haeuel.
559 1833 745 1903 inveneram,
776 1851 833 1887 arou
862 1841 958 1888 tomen
980 1832 1170 1903 recipiandam
1191 1833 1268 1890 arbi-

228 1928 318 1976 tratus
338 1937 414 1988 sum,
437 1927 465 1973 ct
486 1935 523 1972 ue
543 1935 619 1972 arrrrac
640 1916 756 1988 qaudam
772 1935 835 1974 earn
848 1915 1019 1988 probandam
1033 1918 1179 1990 existimo,
1200 1937 1267 1974 oum

227 2005 409 2077 cogitaverim
431 1999 612 2080 aliquantum
632 2001 718 2056 etium
740 2001 768 2059 iu
792 1999 863 2058 libro
881 1997 1015 2059 Gudiano
1036 2020 1099 2058 esse
1120 2003 1267 2075 scriptum.

228 2097 340 2162 praeter
368 2088 446 2144 euim
476 2105 563 2158 quam
591 2085 668 2157 qrrod
698 2086 784 2142 ceteri
805 2084 974 2150 libri-etiam
996 2089 1214 2157 praestantiores
1235 2088 1266 2143 in

227 2173 277 2230 itta
305 2172 442 2246 scriptura
469 2171 649 2237 consentium
675 2189 793 2240 omues,
823 2168 897 2226 illud
921 2170 1008 2226 etiam
1036 2170 1186 2228 obscurum
1207 2189 1267 2228 non

228 2268 271 2320 est
292 2257 368 2314 incili
389 2275 496 2330 errore,
518 2274 583 2312 eram
604 2253 771 2327 compendio
784 2254 813 2309 iu
827 2253 935 2311 ultimis
946 2251 1032 2312 liutius
1043 2256 1121 2312 verbi
1144 2255 1267 2330 syllabis

228 2343 273 2402 nsi
301 2352 396 2398 esseut
425 2340 547 2408 librarii,
577 2339 702 2411 potuisse
728 2337 942 2414 aliquantulum
972 2337 1122 2410 depravari
1147 2341 1177 2396 iu
1208 2339 1264 2398 nli-

227 2439 377 2504 quuutum.
421 2424 456 2481 de
476 2424 616 2484 sententia
638 2434 733 2480 nartem
755 2423 794 2479 ita
816 2421 1039 2480 existimandum
1061 2425 1265 2500 essearbitror·‚
1337 2457 1340 2464 ·

152 2579 154 2583 ι
227 2521 259 2568 nt
280 2509 396 2585 volgata
415 2509 551 2584 scriptura
572 2527 630 2564 nou
652 2506 745 2564 solum
767 2507 844 2564 idam
865 2507 936 2580 dici,
963 2527 1065 2564 verum
1092 2509 1177 2566 etiam
1199 2531 1265 2584 gra·

193 2597 293 2652 “nius
314 2594 449 2669 qtriddam
471 2592 607 2651 declarari
627 2601 771 2665 putemus.
815 2593 921 2649 eteuiru
935 2593 959 2648 si
975 2593 1120 2650 scribitur:
1143 2590 1265 2671 deplexa't

226 2683 287 2738 ium
313 2679 495 2761 aliquantum
522 2673 557 2736 de
582 2679 678 2748 spretio
697 2673 897 2753 curriculoque
915 2673 1089 2736 consuetunis
1109 2681 1264 2758 cumarum,

227 2763 300 2826 nihil
321 2763 400 2822 aliud
421 2763 523 2820 dicitur
541 2762 597 2818 nisi
618 2780 783 2834 inagnum
803 2763 875 2822 tau
887 2760 1039 2842 fuctum
1060 2783 1133 2822 esso
1153 2780 1263 2824 murra·

227 2852 359 2912 tionem
384 2867 520 2907 morum
541 2859 652 2922 utque
677 2841 976 2906 consuetudinis:
1004 2859 1032 2906 ut
1053 2851 1077 2906 si
1099 2851 1263 2914 scribimus:

227 2931 347 3011 diffluxit
376 2933 435 2988 ium
462 2928 677 3010 aliquantulum
698 2926 734 2990 cle
753 2934 848 3006 nautio
868 2931 1069 3010 curriculoque
1084 2933 1263 2996 eonsrtetudn

226 3019 385 3088 tranianum,
418 3035 482 3077 cum
505 3015 604 3074 acerba
626 3017 750 3090 quadam
770 3019 860 3074 ironia
881 3017 957 3076 idem
980 3017 1095 3077 diciturr
1123 3033 1173 3078 cst
1194 3015 1264 3081 ium

225 3100 375 3180 (aitqua,
397 3104 466 3160 etsi
486 3095 573 3160 baec
593 3106 740 3162 miuimu
755 3115 936 3178 putatur,
955 3102 1073 3180 factu
1093 3108 1263 3178 stauratio,

225 3208 278 3246 aros
299 3185 401 3246 eodem
427 3187 513 3248 modo
538 3188 681 3248 dicamus:
710 3207 745 3245 cs
771 3189 818 3246 ist
844 3181 916 3244 ilum
942 3189 998 3244 eiu
1022 3185 1074 3245 W
1075 3191 1160 3264 euig
1170 3231 1180 3261 ,
1205 3193 1264 3248 eiu

225 3266 406 3332 Bisscbeu
441 3266 647 3330 schluchter
678 3267 875 3344 gewordcu.
919 3282 1014 3328 contra
1047 3273 1077 3328 iu
1109 3284 1180 3332 orat.
1202 3295 1262 3347 pro

225 3355 263 3414 P.
280 3353 400 3436 Quintio
422 3373 447 3418 c.
461 3360 491 3413 4.
504 3355 536 3434 θ.
549 3359 598 3430 15,
627 3353 792 3414 videturex
813 3356 938 3428 antiquis
959 3355 1131 3414 editionibus
1152 3369 1180 3416 et
1202 3359 1263 3432 ples

224 3442 320 3514 risque
340 3438 420 3497 libris
440 3458 509 3498 mss.
521 3437 700 3498 scribendum
715 3457 792 3497 esse:
815 3458 879 3496 curu
892 3441 968 3496 ueris
978 3437 1067 3497 alieni
1081 3440 1263 3518 ‹aliqacuutum

223 3538 292 3586 esset
311 3522 442 3586 retinam
462 3536 514 3582 etc.
520 3564 533 3595 ‚
553 3544 611 3598 quo
632 3523 668 3581 de
689 3522 751 3580 loco
772 3541 824 3582 suo
846 3533 973 3597 tempore
992 3524 1151 3599 explicabo.

229 3663 232 3670 “
307 3657 381 3718 lbid.
406 3659 439 3734 ἦ.
461 3663 515 3718 41.
561 3654 678 3716 Videtis
705 3659 737 3713 in
765 3654 873 3717 rabello
904 3661 962 3718 ium
988 3673 1055 3718 nuto
1085 3676 1195 3739 quacum
1224 3665 1263 3721 sit

214 3745 308 3826 fracto
334 3741 421 3802 uua.
466 3745 527 3801 lam
554 3761 639 3822 surpra
666 3740 702 3799 ad
723 3763 748 3800 c.
773 3751 799 3802 1.
823 3739 857 3825 ᾗ.
882 3751 911 3803 2.
934 3765 963 3818 p.
987 3749 1027 3804 89
1049 3765 1094 3818 sq.
1138 3747 1285 3806 osterrdb'

222 3849 289 3888 mus
308 3825 457 3886 Romanos
476 3828 539 3886 fere
560 3827 658 3886 solitos
679 3847 742 3886 esse
763 3830 975 3887 coniunctirum
994 3830 1075 3888 verbi
1096 3850 1154 3888 esse
1166 3831 1261 3890 statim

188 3968 191 3974 ,
221 3923 287 3988 post
313 3911 384 3970 haec
410 3913 579 3986 pronomina
606 3911 725 3971 relativa
754 3913 929 3990 adiungere,
958 3933 1046 3994 qurum
1074 3914 1110 3972 ab
1131 3933 1262 3972 caussam

222 4017 286 4056 eram
309 3993 363 4053 lroe
384 3995 445 4053 loco
461 3997 527 4056 libri
541 4018 651 4070 omues,
673 4018 746 4070 qrtos
758 4000 838 4070 novi,
855 4016 1023 4070 cannasque,
1046 4017 1118 4070 qrras
1134 4000 1261 4072 inspexi,

222 4079 361 4141 editiones
382 4079 539 4142 exhibeant
557 4096 668 4160 quantu
686 4078 723 4138 sit
727 4082 822 4160 fluctu
834 4079 922 4152 hbes,
945 4099 1001 4138 nou
1016 4081 1101 4141 vidae
1114 4101 1165 4140 eur
1175 4081 1261 4142 Orel-

222 4167 279 4227 lins
299 4163 420 4227 ediderit
439 4179 550 4246 pontu
560 4166 655 4248 factu
673 4168 711 4225 sit
730 4162 825 4238 tatu,
846 4166 902 4224 nisi
922 4164 996 4226 forte
1016 4163 1071 4224 bac
1090 4165 1196 4226 factam
1217 4176 1262 4226 est
