<?xml version="1.0" encoding="UTF-8"?>
<!DOCTYPE html PUBLIC "-//W3C//DTD XHTML 1.0 Transitional//EN"
    "http://www.w3.org/TR/xhtml1/DTD/xhtml1-transitional.dtd">
<html xmlns="http://www.w3.org/1999/xhtml" xml:lang="en" lang="en">
 <head>
  <title>
</title>
<meta http-equiv="Content-Type" content="text/html;charset=utf-8" />
  <meta name='ocr-system' content='tesseract 3.04.00' />
  <meta name='ocr-capabilities' content='ocr_page ocr_carea ocr_par ocr_line ocrx_word'/>
</head>
<body>
  <div class='ocr_page' id='page_1' title='image "./mtulliciceronis16cicegoog_0042.png"; bbox 0 0 2868 4958; ppageno 0'>
   <div class='ocr_carea' id='block_1_1' title="bbox 367 343 1200 488">
    <p class='ocr_par' dir='ltr' id='par_1_1' title="bbox 367 343 1200 488">
     <span class='ocr_line' id='line_1_1' title="bbox 367 343 1200 488; baseline 0.008 -77"><span class='ocrx_word' id='word_1_1' title='bbox 367 344 436 412; x_wconf 87' lang='lat' dir='ltr'><strong>DE</strong></span> <span class='ocrx_word' id='word_1_2' title='bbox 456 343 719 488; x_wconf 54' lang='lat' dir='ltr'><strong>Attium-lp.</strong></span> <span class='ocrx_word' id='word_1_3' title='bbox 771 348 873 420; x_wconf 77' lang='lat' dir='ltr'><strong>GAP.</strong></span> <span class='ocrx_word' id='word_1_4' title='bbox 897 347 996 420; x_wconf 82' lang='lat' dir='ltr'><strong>Xlll.</strong></span> <span class='ocrx_word' id='word_1_5' title='bbox 1159 353 1200 418; x_wconf 74' lang='lat'><strong>21</strong></span> 
     </span>
    </p>
   </div>
   <div class='ocr_carea' id='block_1_2' title="bbox 156 537 1218 836">
    <p class='ocr_par' dir='ltr' id='par_1_2' title="bbox 156 537 1218 836">
     <span class='ocr_line' id='line_1_2' title="bbox 156 537 1200 630; baseline 0.004 -24"><span class='ocrx_word' id='word_1_6' title='bbox 156 537 238 606; x_wconf 91' lang='lat' dir='ltr'><strong>nius</strong></span> <span class='ocrx_word' id='word_1_7' title='bbox 248 575 295 586; x_wconf 89' lang='lat'>-</span> <span class='ocrx_word' id='word_1_8' title='bbox 304 557 410 626; x_wconf 86' lang='lat' dir='ltr'><strong>quem</strong></span> <span class='ocrx_word' id='word_1_9' title='bbox 421 537 540 607; x_wconf 91' lang='lat' dir='ltr'><strong>locum</strong></span> <span class='ocrx_word' id='word_1_10' title='bbox 550 538 709 608; x_wconf 81' lang='lat' dir='ltr'><strong>breviter</strong></span> <span class='ocrx_word' id='word_1_11' title='bbox 722 538 917 629; x_wconf 80' lang='lat' dir='ltr'><strong>perstrinxi</strong></span> <span class='ocrx_word' id='word_1_12' title='bbox 928 541 1049 630; x_wconf 89' lang='lat' dir='ltr'><strong>paullo</strong></span> <span class='ocrx_word' id='word_1_13' title='bbox 1061 549 1200 610; x_wconf 84' lang='lat' dir='ltr'><strong>ante-</strong></span> 
     </span>
     <span class='ocr_line' id='line_1_3' title="bbox 156 636 1218 740; baseline 0.006 -34"><span class='ocrx_word' id='word_1_14' title='bbox 156 637 315 740; x_wconf 80' lang='lat' dir='ltr'><strong>praesidi</strong></span> <span class='ocrx_word' id='word_1_15' title='bbox 336 636 603 730; x_wconf 87' lang='lat' dir='ltr'><strong>adiumentique</strong></span> <span class='ocrx_word' id='word_1_16' title='bbox 636 661 786 728; x_wconf 78' lang='lat' dir='ltr'><strong>caussa,</strong></span> <span class='ocrx_word' id='word_1_17' title='bbox 820 661 893 710; x_wconf 91' lang='lat' dir='ltr'><strong>non</strong></span> <span class='ocrx_word' id='word_1_18' title='bbox 926 643 1218 712; x_wconf 81' lang='lat' dir='ltr'><strong>benevolentiae</strong></span> 
     </span>
     <span class='ocr_line' id='line_1_4' title="bbox 157 738 1201 836; baseline 0.006 -29"><span class='ocrx_word' id='word_1_19' title='bbox 157 760 271 830; x_wconf 81' lang='lat' dir='ltr'><strong>neque</strong></span> <span class='ocrx_word' id='word_1_20' title='bbox 298 738 460 808; x_wconf 86' lang='lat' dir='ltr'><strong>caritatis</strong></span> <span class='ocrx_word' id='word_1_21' title='bbox 485 740 661 810; x_wconf 77' lang='lat' dir='ltr'><strong>amicitias</strong></span> <span class='ocrx_word' id='word_1_22' title='bbox 688 747 771 811; x_wconf 80' lang='lat' dir='ltr'><strong>&#39;esse</strong></span> <span class='ocrx_word' id='word_1_23' title='bbox 804 744 1044 832; x_wconf 86' lang='lat' dir='ltr'><strong>expetendas:</strong></span> <span class='ocrx_word' id='word_1_24' title='bbox 1078 745 1201 836; x_wconf 86' lang='lat' dir='ltr'><strong>itaque</strong></span> 
     </span>
    </p>
   </div>
   <div class='ocr_carea' id='block_1_3' title="bbox 156 835 1326 933">
    <p class='ocr_par' dir='ltr' id='par_1_3' title="bbox 156 835 1326 933">
     <span class='ocr_line' id='line_1_5' title="bbox 156 835 1326 933; baseline 0.004 -23"><span class='ocrx_word' id='word_1_25' title='bbox 156 839 373 933; x_wconf 81' lang='lat' dir='ltr'><strong>utquisque</strong></span> <span class='ocrx_word' id='word_1_26' title='bbox 399 835 584 910; x_wconf 82' lang='lat' dir='ltr'><strong>minimum</strong></span> <span class='ocrx_word' id='word_1_27' title='bbox 618 841 797 911; x_wconf 80' lang='lat' dir='ltr'><strong>firmitatis</strong></span> <span class='ocrx_word' id='word_1_28' title='bbox 823 840 973 915; x_wconf 70' lang='lat' dir='ltr'><strong>baberet</strong></span> <span class='ocrx_word' id='word_1_29' title='bbox 1000 839 1200 922; x_wconf 86' lang='lat' dir='ltr'><strong>minimum·</strong></span> <span class='ocrx_word' id='word_1_30' title='bbox 1323 843 1326 850; x_wconf 88' lang='grc'>’</span> 
     </span>
    </p>
   </div>
   <div class='ocr_carea' id='block_1_4' title="bbox 85 942 1202 2757">
    <p class='ocr_par' dir='ltr' id='par_1_4' title="bbox 85 942 1202 2757">
     <span class='ocr_line' id='line_1_6' title="bbox 156 942 1200 1035; baseline 0.003 -24"><span class='ocrx_word' id='word_1_31' title='bbox 156 964 227 1035; x_wconf 79' lang='lat' dir='ltr'><strong>qne.</strong></span> <span class='ocrx_word' id='word_1_32' title='bbox 251 942 400 1026; x_wconf 85' lang='lat' dir='ltr'><strong>virium,</strong></span> <span class='ocrx_word' id='word_1_33' title='bbox 429 942 478 1010; x_wconf 90' lang='lat' dir='ltr'><strong>ita</strong></span> <span class='ocrx_word' id='word_1_34' title='bbox 503 942 681 1012; x_wconf 78' lang='lat' dir='ltr'><strong>amicitias</strong></span> <span class='ocrx_word' id='word_1_35' title='bbox 698 948 870 1034; x_wconf 87' lang='lat' dir='ltr'><strong>appetere</strong></span> <span class='ocrx_word' id='word_1_36' title='bbox 887 945 1063 1018; x_wconf 70' lang='lat' dir='ltr'><strong>maximat</strong></span> <span class='ocrx_word' id='word_1_37' title='bbox 1092 968 1141 1014; x_wconf 82' lang='lat' dir='ltr'><strong>ex</strong></span> <span class='ocrx_word' id='word_1_38' title='bbox 1155 969 1200 1014; x_wconf 93' lang='lat' dir='ltr'><strong>eo</strong></span> 
     </span>
     <span class='ocr_line' id='line_1_7' title="bbox 156 1043 1202 1135; baseline 0.001 -21"><span class='ocrx_word' id='word_1_39' title='bbox 156 1043 253 1130; x_wconf 83' lang='lat' dir='ltr'><strong>lieri,</strong></span> <span class='ocrx_word' id='word_1_40' title='bbox 278 1051 327 1122; x_wconf 66' lang='lat' dir='ltr'><strong>,ut</strong></span> <span class='ocrx_word' id='word_1_41' title='bbox 347 1043 581 1131; x_wconf 66' lang='lat' dir='ltr'><strong>mulierculae</strong></span> <span class='ocrx_word' id='word_1_42' title='bbox 602 1045 718 1135; x_wconf 79' lang='lat' dir='ltr'><strong>magis</strong></span> <span class='ocrx_word' id='word_1_43' title='bbox 747 1043 987 1114; x_wconf 76' lang='lat' dir='ltr'><strong>amicitiarum</strong></span> <span class='ocrx_word' id='word_1_44' title='bbox 1019 1046 1202 1135; x_wconf 87' lang='lat' dir='ltr'><strong>praesidia</strong></span> 
     </span>
     <span class='ocr_line' id='line_1_8' title="bbox 156 1141 1200 1237; baseline 0.002 -23"><span class='ocrx_word' id='word_1_45' title='bbox 156 1147 330 1237; x_wconf 78' lang='lat' dir='ltr'><strong>anrcrant</strong></span> <span class='ocrx_word' id='word_1_46' title='bbox 356 1141 579 1234; x_wconf 67' lang='lat' dir='ltr'><strong>quam&#39;viri,</strong></span> <span class='ocrx_word' id='word_1_47' title='bbox 607 1152 643 1214; x_wconf 87' lang='lat' dir='ltr'><strong>et</strong></span> <span class='ocrx_word' id='word_1_48' title='bbox 668 1147 795 1235; x_wconf 80' lang='lat' dir='ltr'><strong>inopes</strong></span> <span class='ocrx_word' id='word_1_49' title='bbox 821 1167 930 1237; x_wconf 91' lang='lat' dir='ltr'><strong>qnam</strong></span> <span class='ocrx_word' id='word_1_50' title='bbox 956 1147 1135 1236; x_wconf 76' lang='lat' dir='ltr'><strong>opulenti,</strong></span> <span class='ocrx_word' id='word_1_51' title='bbox 1163 1157 1200 1217; x_wconf 86' lang='lat' dir='ltr'><strong>et</strong></span> 
     </span>
     <span class='ocr_line' id='line_1_9' title="bbox 156 1245 1198 1340; baseline 0.001 -25"><span class='ocrx_word' id='word_1_52' title='bbox 156 1246 357 1316; x_wconf 85' lang='lat' dir='ltr'><strong>calamitosi</strong></span> <span class='ocrx_word' id='word_1_53' title='bbox 371 1250 478 1336; x_wconf 83' lang='lat' dir='ltr'><strong>quam</strong></span> <span class='ocrx_word' id='word_1_54' title='bbox 496 1245 522 1313; x_wconf 90' lang='lat' dir='ltr'><strong>ii</strong></span> <span class='ocrx_word' id='word_1_55' title='bbox 539 1246 788 1339; x_wconf 76' lang='lat' dir='ltr'><strong>qui&#39;putantur</strong></span> <span class='ocrx_word' id='word_1_56' title='bbox 804 1248 911 1318; x_wconf 87' lang='lat' dir='ltr'><strong>beati.</strong></span> <span class='ocrx_word' id='word_1_57' title='bbox 953 1247 1014 1318; x_wconf 76' lang='lat'><strong>47.</strong></span> <span class='ocrx_word' id='word_1_58' title='bbox 1042 1245 1076 1319; x_wconf 90' lang='lat'>0</span> <span class='ocrx_word' id='word_1_59' title='bbox 1094 1269 1198 1340; x_wconf 86' lang='lat' dir='ltr'><strong>prae·</strong></span> 
     </span>
     <span class='ocr_line' id='line_1_10' title="bbox 156 1345 1199 1440; baseline 0 -23"><span class='ocrx_word' id='word_1_60' title='bbox 156 1349 290 1418; x_wconf 87' lang='lat' dir='ltr'><strong>claram</strong></span> <span class='ocrx_word' id='word_1_61' title='bbox 317 1345 547 1437; x_wconf 86' lang='lat' dir='ltr'><strong>sapientiaml</strong></span> <span class='ocrx_word' id='word_1_62' title='bbox 601 1348 715 1417; x_wconf 84' lang='lat' dir='ltr'><strong>solem</strong></span> <span class='ocrx_word' id='word_1_63' title='bbox 741 1348 835 1417; x_wconf 84' lang='lat' dir='ltr'><strong>eninr</strong></span> <span class='ocrx_word' id='word_1_64' title='bbox 863 1350 1043 1440; x_wconf 81' lang='lat' dir='ltr'><strong>emunda</strong></span> <span class='ocrx_word' id='word_1_65' title='bbox 1070 1349 1199 1418; x_wconf 85' lang='lat' dir='ltr'><strong>tollere</strong></span> 
     </span>
     <span class='ocr_line' id='line_1_11' title="bbox 156 1447 1200 1544; baseline 0.003 -27"><span class='ocrx_word' id='word_1_66' title='bbox 156 1450 341 1534; x_wconf 85' lang='lat' dir='ltr'><strong>videntur,</strong></span> <span class='ocrx_word' id='word_1_67' title='bbox 366 1449 437 1544; x_wconf 81' lang='lat' dir='ltr'><strong>&#39;qni</strong></span> <span class='ocrx_word' id='word_1_68' title='bbox 462 1447 655 1518; x_wconf 82' lang='lat' dir='ltr'><strong>amicitiam</strong></span> <span class='ocrx_word' id='word_1_69' title='bbox 682 1473 703 1519; x_wconf 88' lang='lat' dir='ltr'><strong>e</strong></span> <span class='ocrx_word' id='word_1_70' title='bbox 730 1450 805 1519; x_wconf 82' lang='lat' dir='ltr'><strong>vita</strong></span> <span class='ocrx_word' id='word_1_71' title='bbox 831 1450 977 1520; x_wconf 90' lang='lat' dir='ltr'><strong>tollunt:</strong></span> <span class='ocrx_word' id='word_1_72' title='bbox 1014 1472 1086 1542; x_wconf 84' lang='lat' dir='ltr'><strong>qua</strong></span> <span class='ocrx_word' id='word_1_73' title='bbox 1110 1450 1200 1520; x_wconf 90' lang='lat' dir='ltr'><strong>nihil</strong></span> 
     </span>
     <span class='ocr_line' id='line_1_12' title="bbox 155 1543 1198 1635; baseline 0 -15"><span class='ocrx_word' id='word_1_74' title='bbox 155 1574 179 1620; x_wconf 91' lang='lat' dir='ltr'><strong>a</strong></span> <span class='ocrx_word' id='word_1_75' title='bbox 205 1551 261 1621; x_wconf 88' lang='lat' dir='ltr'><strong>dis</strong></span> <span class='ocrx_word' id='word_1_76' title='bbox 286 1543 549 1621; x_wconf 82' lang='lat' dir='ltr'><strong>immortalibus</strong></span> <span class='ocrx_word' id='word_1_77' title='bbox 574 1550 703 1620; x_wconf 78' lang='lat' dir='ltr'><strong>melius</strong></span> <span class='ocrx_word' id='word_1_78' title='bbox 730 1548 923 1635; x_wconf 86' lang='lat' dir='ltr'><strong>habemus,</strong></span> <span class='ocrx_word' id='word_1_79' title='bbox 959 1551 1049 1628; x_wconf 84' lang='lat' dir='ltr'><strong>nibil</strong></span> <span class='ocrx_word' id='word_1_80' title='bbox 1072 1553 1198 1621; x_wconf 85' lang='lat' dir='ltr'><strong>incun-</strong></span> 
     </span>
     <span class='ocr_line' id='line_1_13' title="bbox 154 1649 1198 1743; baseline -0.001 -20"><span class='ocrx_word' id='word_1_81' title='bbox 154 1653 248 1724; x_wconf 79' lang='lat' dir='ltr'><strong>dius</strong></span> <span class='ocrx_word' id='word_1_82' title='bbox 300 1672 393 1743; x_wconf 87' lang='lat' dir='ltr'><strong>quae</strong></span> <span class='ocrx_word' id='word_1_83' title='bbox 427 1658 483 1720; x_wconf 85' lang='lat' dir='ltr'><strong>cst</strong></span> <span class='ocrx_word' id='word_1_84' title='bbox 510 1650 696 1736; x_wconf 82' lang='lat' dir='ltr'><strong>enimista</strong></span> <span class='ocrx_word' id='word_1_85' title='bbox 726 1649 926 1722; x_wconf 84' lang='lat' dir='ltr'><strong>securitasl</strong></span> <span class='ocrx_word' id='word_1_86' title='bbox 976 1653 1098 1742; x_wconf 85' lang='lat' dir='ltr'><strong>specie</strong></span> <span class='ocrx_word' id='word_1_87' title='bbox 1121 1654 1198 1743; x_wconf 88' lang='lat' dir='ltr'><strong>qni·</strong></span> 
     </span>
     <span class='ocr_line' id='line_1_14' title="bbox 154 1750 1197 1844; baseline -0.002 -20"><span class='ocrx_word' id='word_1_88' title='bbox 154 1756 239 1824; x_wconf 90' lang='lat' dir='ltr'><strong>dem</strong></span> <span class='ocrx_word' id='word_1_89' title='bbox 264 1750 415 1838; x_wconf 86' lang='lat' dir='ltr'><strong>blanda,</strong></span> <span class='ocrx_word' id='word_1_90' title='bbox 450 1753 517 1822; x_wconf 87' lang='lat' dir='ltr'><strong>sed</strong></span> <span class='ocrx_word' id='word_1_91' title='bbox 542 1773 672 1842; x_wconf 80' lang='lat' dir='ltr'><strong>reapse</strong></span> <span class='ocrx_word' id='word_1_92' title='bbox 697 1754 819 1824; x_wconf 88' lang='lat' dir='ltr'><strong>multis</strong></span> <span class='ocrx_word' id='word_1_93' title='bbox 843 1753 937 1822; x_wconf 88' lang='lat' dir='ltr'><strong>locis</strong></span> <span class='ocrx_word' id='word_1_94' title='bbox 962 1755 1197 1844; x_wconf 87' lang='lat' dir='ltr'><strong>repudianda.</strong></span> 
     </span>
     <span class='ocr_line' id='line_1_15' title="bbox 154 1854 1199 1947; baseline -0.001 -22"><span class='ocrx_word' id='word_1_95' title='bbox 154 1876 272 1947; x_wconf 88' lang='lat' dir='ltr'><strong>nequo</strong></span> <span class='ocrx_word' id='word_1_96' title='bbox 313 1854 409 1926; x_wconf 87' lang='lat' dir='ltr'><strong>enim</strong></span> <span class='ocrx_word' id='word_1_97' title='bbox 449 1859 504 1926; x_wconf 86' lang='lat' dir='ltr'><strong>est</strong></span> <span class='ocrx_word' id='word_1_98' title='bbox 543 1861 825 1928; x_wconf 79' lang='lat' dir='ltr'><strong>consentaneum</strong></span> <span class='ocrx_word' id='word_1_99' title='bbox 857 1855 968 1924; x_wconf 88' lang='lat' dir='ltr'><strong>ullam</strong></span> <span class='ocrx_word' id='word_1_100' title='bbox 1008 1855 1199 1934; x_wconf 82' lang='lat' dir='ltr'><strong>honestam</strong></span> 
     </span>
     <span class='ocr_line' id='line_1_16' title="bbox 152 1955 1197 2042; baseline -0.003 -14"><span class='ocrx_word' id='word_1_101' title='bbox 152 1979 231 2028; x_wconf 85' lang='lat' dir='ltr'><strong>rem</strong></span> <span class='ocrx_word' id='word_1_102' title='bbox 256 1955 502 2040; x_wconf 86' lang='lat' dir='ltr'><strong>actionemve,</strong></span> <span class='ocrx_word' id='word_1_103' title='bbox 528 1976 575 2024; x_wconf 89' lang='lat' dir='ltr'><strong>ne</strong></span> <span class='ocrx_word' id='word_1_104' title='bbox 600 1955 776 2027; x_wconf 88' lang='lat' dir='ltr'><strong>sollicitus</strong></span> <span class='ocrx_word' id='word_1_105' title='bbox 801 1955 871 2042; x_wconf 90' lang='lat' dir='ltr'><strong>sis,</strong></span> <span class='ocrx_word' id='word_1_106' title='bbox 898 1963 1059 2028; x_wconf 88' lang='lat' dir='ltr'><strong>autnon</strong></span> <span class='ocrx_word' id='word_1_107' title='bbox 1085 1956 1197 2026; x_wconf 90' lang='lat' dir='ltr'><strong>susci·</strong></span> 
     </span>
     <span class='ocr_line' id='line_1_17' title="bbox 155 2055 1198 2150; baseline -0.002 -22"><span class='ocrx_word' id='word_1_108' title='bbox 155 2080 243 2150; x_wconf 87' lang='lat' dir='ltr'><strong>pere</strong></span> <span class='ocrx_word' id='word_1_109' title='bbox 277 2065 341 2132; x_wconf 89' lang='lat' dir='ltr'><strong>ant</strong></span> <span class='ocrx_word' id='word_1_110' title='bbox 372 2060 578 2147; x_wconf 88' lang='lat' dir='ltr'><strong>susceptam</strong></span> <span class='ocrx_word' id='word_1_111' title='bbox 611 2057 804 2146; x_wconf 73' lang='lat' dir='ltr'><strong>deponere.</strong></span> <span class='ocrx_word' id='word_1_112' title='bbox 865 2055 976 2133; x_wconf 73' lang='lat' dir='ltr'><strong>(laod</strong></span> <span class='ocrx_word' id='word_1_113' title='bbox 1009 2059 1042 2128; x_wconf 87' lang='lat' dir='ltr'><strong>si</strong></span> <span class='ocrx_word' id='word_1_114' title='bbox 1073 2077 1198 2126; x_wconf 88' lang='lat' dir='ltr'><strong>curam</strong></span> 
     </span>
     <span class='ocr_line' id='line_1_18' title="bbox 107 2156 1200 2252; baseline -0.005 -20"><span class='ocrx_word' id='word_1_115' title='bbox 107 2178 116 2187; x_wconf 85' lang='lat'>·</span> <span class='ocrx_word' id='word_1_116' title='bbox 154 2161 336 2252; x_wconf 76' lang='lat' dir='ltr'><strong>fugimus,</strong></span> <span class='ocrx_word' id='word_1_117' title='bbox 368 2158 484 2228; x_wconf 85' lang='lat' dir='ltr'><strong>virtus</strong></span> <span class='ocrx_word' id='word_1_118' title='bbox 514 2156 689 2249; x_wconf 82' lang='lat' dir='ltr'><strong>fugienda</strong></span> <span class='ocrx_word' id='word_1_119' title='bbox 723 2164 795 2242; x_wconf 87' lang='lat' dir='ltr'><strong>est,</strong></span> <span class='ocrx_word' id='word_1_120' title='bbox 830 2179 924 2249; x_wconf 84' lang='lat' dir='ltr'><strong>quac</strong></span> <span class='ocrx_word' id='word_1_121' title='bbox 958 2179 1109 2228; x_wconf 87' lang='lat' dir='ltr'><strong>necesse</strong></span> <span class='ocrx_word' id='word_1_122' title='bbox 1143 2164 1200 2226; x_wconf 89' lang='lat' dir='ltr'><strong>est</strong></span> 
     </span>
     <span class='ocr_line' id='line_1_19' title="bbox 155 2258 1198 2351; baseline -0.006 -19"><span class='ocrx_word' id='word_1_123' title='bbox 155 2283 237 2332; x_wconf 90' lang='lat' dir='ltr'><strong>cum</strong></span> <span class='ocrx_word' id='word_1_124' title='bbox 269 2261 392 2351; x_wconf 88' lang='lat' dir='ltr'><strong>aliqua</strong></span> <span class='ocrx_word' id='word_1_125' title='bbox 424 2279 604 2328; x_wconf 87' lang='lat' dir='ltr'><strong>curares</strong></span> <span class='ocrx_word' id='word_1_126' title='bbox 643 2258 715 2333; x_wconf 86' lang='lat' dir='ltr'><strong>sibi</strong></span> <span class='ocrx_word' id='word_1_127' title='bbox 752 2260 951 2329; x_wconf 82' lang='lat' dir='ltr'><strong>contrarias</strong></span> <span class='ocrx_word' id='word_1_128' title='bbox 984 2264 1198 2349; x_wconf 83' lang='lat' dir='ltr'><strong>aspernetur</strong></span> 
     </span>
     <span class='ocr_line' id='line_1_20' title="bbox 85 2357 1199 2455; baseline -0.002 -25"><span class='ocrx_word' id='word_1_129' title='bbox 85 2420 88 2424; x_wconf 95' lang='lat'>.</span> <span class='ocrx_word' id='word_1_130' title='bbox 153 2371 264 2455; x_wconf 74' lang='lat' dir='ltr'><strong>sitque</strong></span> <span class='ocrx_word' id='word_1_131' title='bbox 297 2361 432 2448; x_wconf 81' lang='lat' dir='ltr'><strong>oderit3</strong></span> <span class='ocrx_word' id='word_1_132' title='bbox 470 2363 511 2432; x_wconf 90' lang='lat' dir='ltr'><strong>ut</strong></span> <span class='ocrx_word' id='word_1_133' title='bbox 546 2357 689 2430; x_wconf 86' lang='lat' dir='ltr'><strong>bonitas</strong></span> <span class='ocrx_word' id='word_1_134' title='bbox 728 2360 921 2446; x_wconf 89' lang='lat' dir='ltr'><strong>malitiam,</strong></span> <span class='ocrx_word' id='word_1_135' title='bbox 962 2359 1199 2452; x_wconf 79' lang='lat' dir='ltr'><strong>temperantia</strong></span> 
     </span>
     <span class='ocr_line' id='line_1_21' title="bbox 139 2459 1198 2555; baseline -0.008 -17"><span class='ocrx_word' id='word_1_136' title='bbox 139 2463 371 2548; x_wconf 83' lang='lat' dir='ltr'><strong>lubidinem,</strong></span> <span class='ocrx_word' id='word_1_137' title='bbox 414 2459 599 2554; x_wconf 80' lang='lat' dir='ltr'><strong>ignaviam</strong></span> <span class='ocrx_word' id='word_1_138' title='bbox 642 2461 831 2534; x_wconf 85' lang='lat' dir='ltr'><strong>tortitudo.</strong></span> <span class='ocrx_word' id='word_1_139' title='bbox 909 2463 1030 2555; x_wconf 89' lang='lat' dir='ltr'><strong>itaque</strong></span> <span class='ocrx_word' id='word_1_140' title='bbox 1062 2461 1198 2546; x_wconf 30' lang='lat' dir='ltr'><strong>,videas</strong></span> 
     </span>
     <span class='ocr_line' id='line_1_22' title="bbox 154 2562 1200 2650; baseline -0.01 -10"><span class='ocrx_word' id='word_1_141' title='bbox 154 2567 265 2640; x_wconf 84' lang='lat' dir='ltr'><strong>rebus</strong></span> <span class='ocrx_word' id='word_1_142' title='bbox 298 2562 440 2634; x_wconf 70' lang='lat' dir='ltr'><strong>laniastis</strong></span> <span class='ocrx_word' id='word_1_143' title='bbox 471 2563 587 2637; x_wconf 83' lang='lat' dir='ltr'><strong>iustos</strong></span> <span class='ocrx_word' id='word_1_144' title='bbox 617 2565 778 2648; x_wconf 81' lang='lat' dir='ltr'><strong>maxime</strong></span> <span class='ocrx_word' id='word_1_145' title='bbox 811 2563 955 2650; x_wconf 84' lang='lat' dir='ltr'><strong>dolere,</strong></span> <span class='ocrx_word' id='word_1_146' title='bbox 994 2563 1200 2632; x_wconf 85' lang='lat' dir='ltr'><strong>imbellibus</strong></span> 
     </span>
     <span class='ocr_line' id='line_1_23' title="bbox 153 2661 1200 2757; baseline -0.007 -18"><span class='ocrx_word' id='word_1_147' title='bbox 153 2667 280 2745; x_wconf 81' lang='lat' dir='ltr'><strong>fortis,</strong></span> <span class='ocrx_word' id='word_1_148' title='bbox 306 2663 497 2757; x_wconf 82' lang='lat' dir='ltr'><strong>flagitiosis</strong></span> <span class='ocrx_word' id='word_1_149' title='bbox 528 2664 725 2748; x_wconf 86' lang='lat' dir='ltr'><strong>modestos.</strong></span> <span class='ocrx_word' id='word_1_150' title='bbox 783 2661 884 2754; x_wconf 77' lang='lat' dir='ltr'><strong>Ergo</strong></span> <span class='ocrx_word' id='word_1_151' title='bbox 917 2663 990 2733; x_wconf 88' lang='lat' dir='ltr'><strong>boc</strong></span> <span class='ocrx_word' id='word_1_152' title='bbox 1015 2662 1200 2753; x_wconf 83' lang='lat' dir='ltr'><strong>proprium</strong></span> 
     </span>
    </p>
   </div>
   <div class='ocr_carea' id='block_1_5' title="bbox 155 2764 1425 2856">
    <p class='ocr_par' dir='ltr' id='par_1_5' title="bbox 155 2764 1425 2856">
     <span class='ocr_line' id='line_1_24' title="bbox 155 2764 1425 2856; baseline -0.007 -17"><span class='ocrx_word' id='word_1_153' title='bbox 155 2776 214 2839; x_wconf 87' lang='lat' dir='ltr'><strong>est</strong></span> <span class='ocrx_word' id='word_1_154' title='bbox 238 2769 349 2838; x_wconf 89' lang='lat' dir='ltr'><strong>animi</strong></span> <span class='ocrx_word' id='word_1_155' title='bbox 376 2770 469 2839; x_wconf 88' lang='lat' dir='ltr'><strong>bene</strong></span> <span class='ocrx_word' id='word_1_156' title='bbox 495 2765 679 2836; x_wconf 86' lang='lat' dir='ltr'><strong>constituti</strong></span> <span class='ocrx_word' id='word_1_157' title='bbox 694 2770 731 2832; x_wconf 91' lang='lat' dir='ltr'><strong>et</strong></span> <span class='ocrx_word' id='word_1_158' title='bbox 745 2764 876 2833; x_wconf 88' lang='lat' dir='ltr'><strong>laetari</strong></span> <span class='ocrx_word' id='word_1_159' title='bbox 902 2764 1006 2834; x_wconf 88' lang='lat' dir='ltr'><strong>bonis</strong></span> <span class='ocrx_word' id='word_1_160' title='bbox 1031 2766 1141 2834; x_wconf 83' lang='lat' dir='ltr'><strong>nebus</strong></span> <span class='ocrx_word' id='word_1_161' title='bbox 1164 2771 1201 2856; x_wconf 87' lang='lat' dir='ltr'><strong>et</strong></span> <span class='ocrx_word' id='word_1_162' title='bbox 1306 2847 1308 2852; x_wconf 23' lang='grc' dir='ltr'>Ι</span> <span class='ocrx_word' id='word_1_163' title='bbox 1424 2813 1425 2818; x_wconf 33' lang='lat'>1</span> 
     </span>
    </p>
   </div>
   <div class='ocr_carea' id='block_1_6' title="bbox 84 2864 1263 3777">
    <p class='ocr_par' dir='ltr' id='par_1_6' title="bbox 84 2864 1263 3777">
     <span class='ocr_line' id='line_1_25' title="bbox 155 2864 1263 2945; baseline -0.007 -3"><span class='ocrx_word' id='word_1_164' title='bbox 155 2871 282 2942; x_wconf 83' lang='lat' dir='ltr'><strong>dolere</strong></span> <span class='ocrx_word' id='word_1_165' title='bbox 308 2867 510 2942; x_wconf 83' lang='lat' dir='ltr'><strong>contrariis.</strong></span> <span class='ocrx_word' id='word_1_166' title='bbox 569 2865 630 2936; x_wconf 79' lang='lat'><strong>48.</strong></span> <span class='ocrx_word' id='word_1_167' title='bbox 658 2866 780 2943; x_wconf 63' lang='lat' dir='ltr'><strong>Quium</strong></span> <span class='ocrx_word' id='word_1_168' title='bbox 807 2867 853 2934; x_wconf 92' lang='lat' dir='ltr'><strong>ob</strong></span> <span class='ocrx_word' id='word_1_169' title='bbox 879 2887 957 2934; x_wconf 80' lang='lat' dir='ltr'><strong>rein</strong></span> <span class='ocrx_word' id='word_1_170' title='bbox 982 2867 1015 2936; x_wconf 90' lang='lat' dir='ltr'><strong>si</strong></span> <span class='ocrx_word' id='word_1_171' title='bbox 1040 2867 1137 2935; x_wconf 87' lang='lat' dir='ltr'><strong>cadit</strong></span> <span class='ocrx_word' id='word_1_172' title='bbox 1162 2864 1200 2934; x_wconf 90' lang='lat' dir='ltr'><strong>in</strong></span> <span class='ocrx_word' id='word_1_173' title='bbox 1258 2939 1263 2945; x_wconf 64' lang='grc'><em>,</em></span> 
     </span>
     <span class='ocr_line' id='line_1_26' title="bbox 154 2966 1201 3062; baseline -0.01 -18"><span class='ocrx_word' id='word_1_174' title='bbox 154 2972 356 3062; x_wconf 89' lang='lat' dir='ltr'><strong>sapientem</strong></span> <span class='ocrx_word' id='word_1_175' title='bbox 381 2969 490 3049; x_wconf 87' lang='lat' dir='ltr'><strong>animi</strong></span> <span class='ocrx_word' id='word_1_176' title='bbox 518 2967 621 3038; x_wconf 83' lang='lat' dir='ltr'><strong>dolor</strong></span> <span class='ocrx_word' id='word_1_177' title='bbox 637 3009 687 3019; x_wconf 91' lang='lat'><strong>-—</strong></span> <span class='ocrx_word' id='word_1_178' title='bbox 710 2967 772 3060; x_wconf 88' lang='lat' dir='ltr'><strong>qui</strong></span> <span class='ocrx_word' id='word_1_179' title='bbox 804 2967 968 3058; x_wconf 85' lang='lat' dir='ltr'><strong>profecto</strong></span> <span class='ocrx_word' id='word_1_180' title='bbox 1002 2967 1098 3044; x_wconf 86' lang='lat' dir='ltr'><strong>cadit</strong></span> <span class='ocrx_word' id='word_1_181' title='bbox 1130 2966 1201 3035; x_wconf 92' lang='lat' dir='ltr'><strong>nisi</strong></span> 
     </span>
     <span class='ocr_line' id='line_1_27' title="bbox 155 3069 1199 3160; baseline -0.006 -18"><span class='ocrx_word' id='word_1_182' title='bbox 155 3097 205 3144; x_wconf 86' lang='lat' dir='ltr'><strong>ex</strong></span> <span class='ocrx_word' id='word_1_183' title='bbox 231 3074 319 3144; x_wconf 74' lang='lat' dir='ltr'><strong>eins,</strong></span> <span class='ocrx_word' id='word_1_184' title='bbox 333 3073 455 3150; x_wconf 54' lang='lat' dir='ltr'><strong>,antino</strong></span> <span class='ocrx_word' id='word_1_185' title='bbox 489 3070 725 3160; x_wconf 82' lang='lat' dir='ltr'><strong>exstirpatam</strong></span> <span class='ocrx_word' id='word_1_186' title='bbox 758 3069 1016 3146; x_wconf 82' lang='lat' dir='ltr'><strong>humanitatem</strong></span> <span class='ocrx_word' id='word_1_187' title='bbox 1049 3069 1199 3146; x_wconf 80' lang='lat' dir='ltr'><strong>arbitra-</strong></span> 
     </span>
     <span class='ocr_line' id='line_1_28' title="bbox 157 3169 1200 3266; baseline -0.012 -19"><span class='ocrx_word' id='word_1_188' title='bbox 157 3185 444 3266; x_wconf 81' lang='lat' dir='ltr'><strong>mur-,&#39;quae</strong></span> <span class='ocrx_word' id='word_1_189' title='bbox 477 3192 608 3242; x_wconf 87' lang='lat' dir='ltr'><strong>caussa</strong></span> <span class='ocrx_word' id='word_1_190' title='bbox 635 3178 691 3240; x_wconf 87' lang='lat' dir='ltr'><strong>est</strong></span> <span class='ocrx_word' id='word_1_191' title='bbox 723 3191 787 3240; x_wconf 90' lang='lat' dir='ltr'><strong>cur</strong></span> <span class='ocrx_word' id='word_1_192' title='bbox 820 3169 1012 3246; x_wconf 73' lang='lat' dir='ltr'><strong>arruicitiam</strong></span> <span class='ocrx_word' id='word_1_193' title='bbox 1037 3169 1200 3240; x_wconf 84' lang='lat' dir='ltr'><strong>funditus</strong></span> 
     </span>
     <span class='ocr_line' id='line_1_29' title="bbox 156 3269 1200 3364; baseline -0.01 -18"><span class='ocrx_word' id='word_1_194' title='bbox 156 3277 330 3348; x_wconf 87' lang='lat' dir='ltr'><strong>tollamus</strong></span> <span class='ocrx_word' id='word_1_195' title='bbox 351 3299 372 3346; x_wconf 90' lang='lat' dir='ltr'><strong>e</strong></span> <span class='ocrx_word' id='word_1_196' title='bbox 393 3275 487 3358; x_wconf 86' lang='lat' dir='ltr'><strong>vita,</strong></span> <span class='ocrx_word' id='word_1_197' title='bbox 514 3295 561 3342; x_wconf 88' lang='lat' dir='ltr'><strong>ne</strong></span> <span class='ocrx_word' id='word_1_198' title='bbox 587 3273 726 3363; x_wconf 88' lang='lat' dir='ltr'><strong>aliquas</strong></span> <span class='ocrx_word' id='word_1_199' title='bbox 746 3277 893 3364; x_wconf 82' lang='lat' dir='ltr'><strong>propter</strong></span> <span class='ocrx_word' id='word_1_200' title='bbox 920 3292 1000 3344; x_wconf 85' lang='lat' dir='ltr'><strong>earn</strong></span> <span class='ocrx_word' id='word_1_201' title='bbox 1026 3269 1200 3358; x_wconf 69' lang='lat' dir='ltr'><strong>,suscipia-</strong></span> 
     </span>
     <span class='ocr_line' id='line_1_30' title="bbox 84 3369 1199 3470; baseline -0.011 -21"><span class='ocrx_word' id='word_1_202' title='bbox 84 3372 87 3382; x_wconf 81' lang='lat'>&#39;</span> <span class='ocrx_word' id='word_1_203' title='bbox 141 3400 239 3449; x_wconf 82' lang='lat' dir='ltr'><strong>mus</strong></span> <span class='ocrx_word' id='word_1_204' title='bbox 272 3371 482 3449; x_wconf 82' lang='lat' dir='ltr'><strong>molestiasl</strong></span> <span class='ocrx_word' id='word_1_205' title='bbox 533 3373 634 3450; x_wconf 74' lang='lat' dir='ltr'><strong>Quid</strong></span> <span class='ocrx_word' id='word_1_206' title='bbox 660 3373 937 3470; x_wconf 79' lang='lat' dir='ltr'><strong>eniminterest</strong></span> <span class='ocrx_word' id='word_1_207' title='bbox 961 3379 1062 3442; x_wconf 91' lang='lat' dir='ltr'><strong>motu</strong></span> <span class='ocrx_word' id='word_1_208' title='bbox 1089 3369 1199 3440; x_wconf 89' lang='lat' dir='ltr'><strong>animi</strong></span> 
     </span>
     <span class='ocr_line' id='line_1_31' title="bbox 155 3473 1200 3566; baseline -0.01 -16"><span class='ocrx_word' id='word_1_209' title='bbox 155 3480 321 3566; x_wconf 88' lang='lat' dir='ltr'><strong>sublato,</strong></span> <span class='ocrx_word' id='word_1_210' title='bbox 372 3499 445 3548; x_wconf 89' lang='lat' dir='ltr'><strong>non</strong></span> <span class='ocrx_word' id='word_1_211' title='bbox 480 3475 561 3545; x_wconf 91' lang='lat' dir='ltr'><strong>dico</strong></span> <span class='ocrx_word' id='word_1_212' title='bbox 597 3475 691 3558; x_wconf 84' lang='lat' dir='ltr'><strong>inter</strong></span> <span class='ocrx_word' id='word_1_213' title='bbox 730 3475 905 3564; x_wconf 83' lang='lat' dir='ltr'><strong>pecudem</strong></span> <span class='ocrx_word' id='word_1_214' title='bbox 939 3479 975 3550; x_wconf 86' lang='lat' dir='ltr'><strong>et</strong></span> <span class='ocrx_word' id='word_1_215' title='bbox 999 3473 1200 3555; x_wconf 87' lang='lat' dir='ltr'><strong>hominem,</strong></span> 
     </span>
     <span class='ocr_line' id='line_1_32' title="bbox 156 3578 1202 3656; baseline -0.012 -4"><span class='ocrx_word' id='word_1_216' title='bbox 156 3583 224 3652; x_wconf 86' lang='lat' dir='ltr'><strong>sed</strong></span> <span class='ocrx_word' id='word_1_217' title='bbox 256 3583 350 3650; x_wconf 82' lang='lat' dir='ltr'><strong>inter</strong></span> <span class='ocrx_word' id='word_1_218' title='bbox 384 3578 566 3656; x_wconf 86' lang='lat' dir='ltr'><strong>hominem</strong></span> <span class='ocrx_word' id='word_1_219' title='bbox 599 3581 635 3646; x_wconf 89' lang='lat' dir='ltr'><strong>et</strong></span> <span class='ocrx_word' id='word_1_220' title='bbox 668 3583 834 3646; x_wconf 84' lang='lat' dir='ltr'><strong>truncum</strong></span> <span class='ocrx_word' id='word_1_221' title='bbox 866 3579 930 3646; x_wconf 89' lang='lat' dir='ltr'><strong>aut</strong></span> <span class='ocrx_word' id='word_1_222' title='bbox 968 3595 1100 3644; x_wconf 84' lang='lat' dir='ltr'><strong>saxum</strong></span> <span class='ocrx_word' id='word_1_223' title='bbox 1139 3579 1202 3640; x_wconf 87' lang='lat' dir='ltr'><strong>nat</strong></span> 
     </span>
     <span class='ocr_line' id='line_1_33' title="bbox 158 3673 1202 3777; baseline -0.012 -23"><span class='ocrx_word' id='word_1_224' title='bbox 158 3683 303 3777; x_wconf 85' lang='lat' dir='ltr'><strong>quidvis</strong></span> <span class='ocrx_word' id='word_1_225' title='bbox 336 3681 482 3774; x_wconf 75' lang='lat' dir='ltr'><strong>generis</strong></span> <span class='ocrx_word' id='word_1_226' title='bbox 517 3675 702 3756; x_wconf 79' lang='lat' dir='ltr'><strong>eirrsdeml</strong></span> <span class='ocrx_word' id='word_1_227' title='bbox 758 3675 995 3768; x_wconf 78' lang='lat' dir='ltr'><strong>nequeenim</strong></span> <span class='ocrx_word' id='word_1_228' title='bbox 1027 3679 1111 3744; x_wconf 87' lang='lat' dir='ltr'><strong>sunt</strong></span> <span class='ocrx_word' id='word_1_229' title='bbox 1144 3673 1202 3742; x_wconf 89' lang='lat' dir='ltr'><strong>isti</strong></span> 
     </span>
    </p>
   </div>
   <div class='ocr_carea' id='block_1_7' title="bbox 157 3972 1264 4233">
    <p class='ocr_par' dir='ltr' id='par_1_7' title="bbox 157 3972 1264 4233">
     <span class='ocr_line' id='line_1_34' title="bbox 253 3972 1264 4077; baseline -0.014 -16"><span class='ocrx_word' id='word_1_230' title='bbox 253 4000 344 4061; x_wconf 83' lang='lat' dir='ltr'><strong>xrrr.</strong></span> <span class='ocrx_word' id='word_1_231' title='bbox 374 4002 469 4076; x_wconf 64' lang='lat' dir='ltr'><strong>§.aa</strong></span> <span class='ocrx_word' id='word_1_232' title='bbox 506 3997 638 4077; x_wconf 68' lang='lat' dir='ltr'><strong>lanera]</strong></span> <span class='ocrx_word' id='word_1_233' title='bbox 662 3993 776 4054; x_wconf 66' lang='lat' dir='ltr'><strong>eaeor.</strong></span> <span class='ocrx_word' id='word_1_234' title='bbox 821 3991 920 4077; x_wconf 65' lang='lat' dir='ltr'><strong>§.is</strong></span> <span class='ocrx_word' id='word_1_235' title='bbox 947 3996 1084 4070; x_wconf 68' lang='lat' dir='ltr'><strong>pectam</strong></span> <span class='ocrx_word' id='word_1_236' title='bbox 1104 4003 1133 4052; x_wconf 77' lang='lat' dir='ltr'><strong>a</strong></span> <span class='ocrx_word' id='word_1_237' title='bbox 1150 3991 1202 4050; x_wconf 67' lang='lat'><em>110-</em></span> <span class='ocrx_word' id='word_1_238' title='bbox 1260 3972 1264 3979; x_wconf 83' lang='lat'>&#39;</span> 
     </span>
     <span class='ocr_line' id='line_1_35' title="bbox 159 4079 1202 4166; baseline -0.016 -18"><span class='ocrx_word' id='word_1_239' title='bbox 159 4089 284 4166; x_wconf 86' lang='lat' dir='ltr'><strong>minem]</strong></span> <span class='ocrx_word' id='word_1_240' title='bbox 305 4079 447 4145; x_wconf 77' lang='lat' dir='ltr'><strong>bmrrincm</strong></span> <span class='ocrx_word' id='word_1_241' title='bbox 457 4099 483 4144; x_wconf 76' lang='lat' dir='ltr'><strong>ct</strong></span> <span class='ocrx_word' id='word_1_242' title='bbox 497 4079 642 4165; x_wconf 71' lang='lat' dir='ltr'><strong>pecudum</strong></span> <span class='ocrx_word' id='word_1_243' title='bbox 675 4092 703 4140; x_wconf 84' lang='lat' dir='ltr'><strong>et</strong></span> <span class='ocrx_word' id='word_1_244' title='bbox 715 4091 845 4140; x_wconf 87' lang='lat' dir='ltr'><strong>truncam</strong></span> <span class='ocrx_word' id='word_1_245' title='bbox 857 4091 906 4141; x_wconf 88' lang='lat' dir='ltr'><strong>ant</strong></span> <span class='ocrx_word' id='word_1_246' title='bbox 919 4087 1035 4153; x_wconf 82' lang='lat' dir='ltr'><strong>saxum]</strong></span> <span class='ocrx_word' id='word_1_247' title='bbox 1056 4093 1082 4138; x_wconf 84' lang='lat' dir='ltr'><strong>et</strong></span> <span class='ocrx_word' id='word_1_248' title='bbox 1095 4097 1202 4138; x_wconf 72' lang='lat' dir='ltr'><strong>samum</strong></span> 
     </span>
     <span class='ocr_line' id='line_1_36' title="bbox 157 4187 376 4233; baseline -0.018 -1"><span class='ocrx_word' id='word_1_249' title='bbox 157 4189 210 4233; x_wconf 72' lang='lat' dir='ltr'><strong>tcta</strong></span> <span class='ocrx_word' id='word_1_250' title='bbox 231 4187 376 4231; x_wconf 72' lang='lat' dir='ltr'><strong>limacum.</strong></span> 
     </span>
    </p>
   </div>
   <div class='ocr_carea' id='block_1_8' title="bbox 0 0 1441 4958">
    <p class='ocr_par' dir='ltr' id='par_1_8' title="bbox 0 0 1441 4958">
     <span class='ocr_line' id='line_1_37' title="bbox 0 0 1441 4958; baseline 0 0"><span class='ocrx_word' id='word_1_251' title='bbox 0 0 1441 4958; x_wconf 95' lang='lat' dir='ltr'><strong> </strong></span> 
     </span>
    </p>
   </div>
  </div>
 </body>
</html>
