2868 4958
263 310 266 312 ’
392 353 461 422 on
482 353 754 468 aurorum.
798 355 901 429 ose.
922 359 988 431 ιν.
1185 367 1209 430 ⁷

168 543 341 616 dimeruit
364 544 412 616 de
442 567 485 615 re
516 546 681 636 publica,
720 547 824 620 cuius
855 547 1108 639 disputationis
1137 549 1208 624 suit

167 657 370 719 extremum
393 647 476 717 iere
501 649 547 716 de
573 648 841 734 immortalitate
866 650 1086 738 animorum,
1113 674 1207 743 quae

165 758 209 819 ‘se
224 749 262 816 in
277 748 398 839 quiete
419 771 485 839 per
501 750 620 822 visum
637 773 685 820 ex
696 751 874 822 Africano
890 753 1037 824 audisse
1052 754 1206 826 dicebat.

167 849 215 919 ld
236 851 269 920 si
290 851 342 918 ita
363 857 436 936 est,
463 856 503 920 ut
527 852 654 942 optimi
678 853 852 945 cuiusque
867 854 1010 924 animus
1033 854 1071 924 in
1090 862 1207 924 morte

73 953 78 966 “
167 951 339 1022 facillime
379 951 501 1021 evolet
532 960 716 1044 tamquam
756 976 777 1023 e
810 955 976 1024 custodia
1008 955 1207 1048 vinclisque

169 1053 331 1143 corporis
338 1103 349 1138 ‚
376 1052 435 1122 cui
452 1074 641 1124 censemus
663 1077 808 1124 cursum
829 1056 876 1125 ad
897 1057 986 1125 deos
1006 1057 1209 1125 faciliorem

167 1154 282 1224 fuisse
309 1177 416 1245 quam
433 1153 617 1246 Scipioni?
656 1156 825 1246 quocirca
851 1179 1012 1226 maerere
1039 1157 1110 1226 hoc
1129 1158 1208 1228 eius

168 1262 300 1340 eventu
332 1277 466 1324 vereor
497 1279 543 1326 ne
578 1256 690 1326 invidi
721 1259 837 1348 magis
870 1279 977 1350 quam
1011 1259 1116 1327 amici
1148 1258 1207 1327 sit.

168 1357 226 1427 sin
250 1363 372 1425 autem
396 1355 459 1424 itia
480 1358 642 1443 veriora,
681 1369 723 1428 ut
748 1359 845 1428 idem
869 1360 1035 1429 interitus
1060 1360 1107 1429 sit
1132 1359 1207 1429 aui·

161 1480 311 1544 morum
329 1465 367 1528 et
387 1481 592 1548 corporum.
610 1482 679 1530 nec
705 1461 801 1530 ullus
828 1481 959 1532 sensus
979 1468 1141 1530 maneat:
1168 1467 1209 1530 ut

165 1560 256 1634 nihil
274 1559 359 1629 boni
376 1566 432 1630 est
455 1561 491 1628 iu
507 1568 640 1647 morte,
667 1562 721 1632 sic
738 1569 836 1632 certe
851 1562 940 1632 nihil
961 1562 1058 1632 marti.
1097 1583 1209 1632 sensu

168 1661 262 1730 enim
279 1661 413 1730 ammso
436 1661 475 1730 fit
497 1663 593 1732 idem
608 1663 711 1753 quasi
725 1669 833 1734 uatus
846 1686 919 1734 nou
934 1672 1030 1734 esset
1045 1664 1208 1750 omnium

166 1784 273 1852 quem
297 1770 420 1833 tamen
441 1785 524 1832 esse
545 1772 667 1833 natrun
684 1771 720 1834 et
743 1787 813 1836 nos
837 1767 1094 1856 gaudemuset
1116 1762 1210 1844 haee

167 1864 296 1934 ciuitas
328 1863 412 1932 dum
447 1865 516 1934 erit
547 1865 750 1936 laetabitur.
818 1864 878 1938 15.
914 1865 1036 1942 (luam
1063 1867 1110 1935 ott
1130 1885 1209 1935 rem

167 1965 331 2035 cornilio
354 1965 516 2055 quidem,
535 1973 700 2056 utsupra
721 1967 817 2053 dixi,
831 1970 960 2055 ,ac'tum
980 1966 1114 2057 optime
1135 1972 1206 2035 est:

166 2087 308 2137 mecum
322 2067 585 2147 incommodius
602 2089 710 2159 quem
723 2069 844 2138 fuerat
864 2069 1034 2160 aequius,
1053 2075 1093 2136 ut
1108 2067 1208 2156 prius

167 2169 394 2252 introieraru,
428 2168 483 2237 sic
514 2169 614 2258 prius
648 2169 751 2238 exire
777 2170 821 2238 de
847 2170 933 2239 vita.
986 2167 1062 2238 Sed
1089 2176 1209 2238 tamen

167 2270 419 2358 recordatione
445 2278 592 2340 nostrae
613 2270 792 2354 amicitiae
811 2271 864 2341 sic
887 2271 1009 2355 fruor,
1038 2275 1076 2338 ut
1100 2265 1208 2338 beate

166 2371 304 2442 vixisse
330 2371 474 2456 videar,
501 2371 586 2460 quia
612 2395 694 2442 cum
717 2371 893 2462 Scipione
918 2371 1091 2456 vixerim,
1120 2390 1208 2462 quo·

166 2495 249 2544 oum
274 2472 361 2542 mihi
386 2474 579 2543 coniuncta
603 2476 753 2544 curado
781 2476 926 2564 publica
950 2480 1045 2542 rect
1070 2474 1116 2542 dc
1134 2469 1208 2562 pri·

166 2581 252 2645 vata
276 2573 365 2659 suit,
401 2595 557 2665 quocum
591 2582 627 2644 et
652 2577 780 2645 domus
804 2576 875 2646 fuit
900 2582 936 2644 et
960 2573 1088 2644 militia
1112 2593 1208 2642 com·

166 2675 285 2747 munis
300 2683 337 2744 et
357 2674 395 2744 id
409 2675 446 2744 in
461 2698 533 2768 qno
550 2685 605 2746 est
622 2677 739 2746 omnis
755 2677 811 2746 vis
826 2675 1018 2759 amicitiae,
1041 2673 1207 2742 voiunta-

142 2780 260 2863 ‚tom‚
293 2777 513 2863 studiorum,
547 2778 806 2848 sententiarum
837 2798 978 2848 summu
1004 2773 1207 2845 consensio.

153 2880 290 2970 ,itaque
315 2900 387 2948 non
420 2886 493 2948 tam
525 2879 595 2948 ista
622 2901 679 2948 me
712 2880 931 2970 sapientiae,
965 2899 1073 2969 quam
1098 2876 1225 2947 modo-

168 2980 197 3050 F
200 2981 328 3050 annius
342 2981 656 3067 comuremoravit,
683 2981 783 3050 fama
797 2981 972 3067 delectat,
991 2980 1087 3050 falsa
1105 2999 1207 3067 prae·

169 3083 310 3167 sertim,
343 3102 451 3174 quam
483 3083 583 3173 quod
613 3083 792 3152 amicitiae
825 3089 972 3152 nostrae
997 3077 1208 3150 memoriam

169 3205 276 3274 spero
302 3183 557 3274 sempiternam
576 3184 677 3272 fore3
698 3184 806 3275 idque
823 3205 872 3252 *eo
896 3181 984 3252 mihi
1005 3181 1121 3270 noeagis
1153 3185 1209 3248 est

169 3286 287 3371 cordi,
329 3286 426 3377 quod
460 3307 508 3354 ex
548 3285 715 3355 omnibus
754 3285 910 3354 saeculis
948 3282 1012 3378 vix
1046 3275 1115 3351 tr‘ia
1147 3284 1210 3347 aaut

167 3394 337 3478 quattuor
361 3386 592 3456 nominantur
616 3388 719 3476 paria
745 3387 958 3456 amicorum:
987 3407 1058 3475 quo
1084 3382 1121 3451 in
1147 3402 1208 3471 ge·

169 3510 256 3558 nere
282 3509 430 3578 sperare
455 3489 585 3557 uidcor
609 3487 792 3580 Scipionis
821 3495 857 3556 et
882 3486 989 3557 Laeli
1014 3483 1210 3555 amicitiam

168 3598 292 3660 notam
317 3589 517 3679 posteritati
542 3575 634 3660 fore.
716 3629 718 3635 ·

246 3689 305 3762 16.
346 3689 528 3788 Faustus,
568 3690 670 3760 lstuc
683 3692 837 3782 quidem,
854 3687 972 3774 Laeli,
990 3686 1043 3756 ita
1059 3703 1209 3754 necesse
1307 3713 1309 3717 ·
1420 3767 1421 3792 ἶ

168 3799 236 3865 cst.
287 3789 365 3862 Sed
391 3793 559 3884 quoniam
586 3793 765 3863 amicitiae
789 3790 1009 3860 mentionem
1033 3784 1154 3858 fecisti
1174 3789 1210 3853 et

233 4006 292 4070 lv.
313 4011 346 4086 ς.
363 4012 411 4072 15.
445 4009 482 4070 de
511 4011 623 4086 publica
650 4031 682 4070 ro
710 4019 740 4068 ct
768 4008 949 4087 deprimta]
985 4005 1021 4068 dc
1040 4027 1073 4066 re
1088 4001 1210 4080 publica

168 4109 196 4154 et
210 4092 254 4154 aa
277 4099 407 4169 privata.
447 4096 550 4156 domos
577 4096 645 4175 tait]
672 4092 783 4154 domas
833 4095 920 4170 idque
947 4115 982 4154 eo
1008 4091 1080 4153 mihi
1102 4087 1207 4168 magis]

168 4177 256 4260 idque
274 4176 347 4240 milri
367 4201 401 4240 co
422 4183 525 4256 augis.
570 4189 619 4245 10.
641 4180 718 4242 Istuc
733 4178 864 4258 quidem]
887 4177 973 4240 Istud
990 4175 1113 4262 quidm·
