2850 4940
200 391 693 462 Annornnionns
721 393 1085 484 capxrnsnma.
1115 397 1176 461 163

140 585 272 661 opinione
294 583 468 658 dependeat,
496 593 669 641 nontamen
691 581 970 654 lalsnmillndeat,
1001 584 1077 658 qnod
1099 605 1175 642 rece·

141 687 290 746 peramnst
311 685 397 745 qusrm
412 667 502 745 liqui
516 665 591 724 bereti
609 680 771 740 patrantur,
794 669 831 723 ita
855 681 885 724 nt
907 665 977 742 haec
997 669 1084 725 verba
1104 666 1178 724 nilril

143 753 221 814 alind
236 754 291 809 nisi
306 751 501 808 definitionem
509 752 799 830 formandorum
816 746 995 808 danninum
1006 752 1176 808 contineant.

228 834 348 894 Ibidem.
372 837 404 909 ᾗ.
420 838 470 892 47.
493 831 650 891 imbellibus
662 835 770 912 simis.
815 833 884 891 lraec
900 836 997 908 verba,
1020 853 1093 908 qnae
1108 836 1179 892 libor

143 919 321 978 Erinrtensis
334 921 447 990 omittit,
462 917 597 992 legnntnr
609 920 649 974 sic
659 920 744 974 etiam
757 920 787 973 in
800 910 871 974 libio
888 916 1032 993 Gndiano,
1045 917 1126 993 Aug.
1142 919 1177 989 1.,

147 1003 327 1078 Gottingensi
354 1002 485 1074 aliisque.
528 1021 615 1074 qnam
643 1002 678 1057 ob
704 1021 833 1060 caussam
861 1022 918 1059 non
946 1013 1036 1075 potest
1056 1003 1178 1060 dubitari

146 1090 215 1161 qnin
231 1098 303 1143 recto
315 1083 444 1144 Orellins
456 1084 595 1157 indicarit,
614 1085 664 1157 qni
676 1103 740 1141 cnm
756 1084 915 1143 Goerenzio
928 1087 1025 1144 elibro
1037 1083 1179 1144 Benrensi
1282 1150 1288 1158 ‚

145 1167 305 1230 irnbelliduc
326 1189 377 1242 pro
398 1169 513 1243 volgato
533 1165 719 1226 imbecillibus
739 1172 854 1241 recepit.

232 1252 360 1310 laidem..
373 1253 405 1325 ὅ.
421 1258 471 1310 48.
514 1271 573 1308 aron
593 1249 658 1309 dico
677 1255 753 1307 inter
767 1247 1110 1329 111101111111111111101111111111,Ι
1131 1248 1184 1308 sad

147 1341 223 1396 inter
240 1333 381 1394 dorninem
400 1349 428 1392 et
447 1349 580 1393 trrrrmnm
600 1348 652 1392 nut
671 1355 779 1391 aarum
793 1349 845 1393 crat
859 1333 971 1413 quidvis
982 1339 1096 1408 generis
1107 1340 1181 1392 eins·

147 1419 232 1478 dem?
263 1419 336 1476 lianc
361 1419 513 1477 verborum
535 1418 764 1490 collocationem,
792 1439 879 1492 qnam
906 1421 993 1478 miror
1013 1420 1049 1476 ab
1069 1418 1181 1476 Orellio

148 1525 212 1564 esse
239 1503 414 1576 neglectam,
443 1512 472 1559 et
496 1522 608 1560 srrmma
634 1502 771 1559 librornm
794 1504 956 1561 arrctoritata
977 1512 1005 1559 et
1026 1504 1182 1560 sementina

148 1591 179 1648 vi
201 1607 234 1644 ac
254 1589 393 1660 gravitate
415 1587 482 1642 moti
504 1587 671 1660 recepimus.
714 1605 747 1642 ac
767 1587 890 1658 primum
912 1587 1028 1660 qnidcm
1052 1608 1101 1659 pro
1122 1589 1182 1642 vol-

148 1684 216 1746 gato
237 1671 389 1734 verborum
411 1669 509 1726 ordino
529 1667 597 1726 lroc:
624 1689 684 1726 non
708 1665 772 1726 dico
797 1671 874 1726 inter
893 1667 1033 1727 hominem
1053 1683 1184 1742 111111111-

50 1821 56 1826 ,
151 1753 215 1811 clem
236 1773 277 1810 ex
298 1751 422 1824 Ersnrt,
446 1752 565 1810 Vindob.
588 1753 640 1823 11.,
670 1750 822 1826 Gudiano,
853 1753 934 1828 Aug.
957 1754 996 1823 l.,
1025 1752 1108 1828 Aug.
1133 1753 1184 1825 11.,

151 1837 264 1908 Haem,
288 1835 386 1892 rnrrltis
405 1833 521 1909 Beieri,
552 1837 616 1894 aliia
637 1834 799 1893 Gernhardi
820 1836 900 1894 libris
920 1839 1098 1914 scripsimus:
1126 1857 1185 1894 non

153 1919 217 1978 dico
237 1923 312 1976 inter
328 1916 465 1990 pecudem
485 1933 512 1975 et
532 1916 696 1992 hominem,
728 1920 806 1993 qnod
827 1923 911 1978 etiam
932 1941 1007 1994 qnae
1028 1919 1074 1977 iris
1091 1923 1185 1979 verbis

153 2005 278 2064 subiecta
300 2003 437 2058 sententia
459 2012 519 2073 est,
547 2004 653 2074 optime
674 2003 745 2075 fert3
772 2005 878 2060 etenim
904 2023 962 2060 non
984 2013 1028 2060 est
1048 2007 1186 2076 oppositio
1266 2013 1268 2020 '

153 2091 228 2146 inter
248 2085 427 2142 hominem
451 2099 478 2142 ct
501 2097 677 2155 truncum,
695 2085 745 2142 sed
757 2087 830 2142 inter
851 2085 1017 2158 pecudem
1041 2099 1068 2144 et
1088 2097 1185 2143 tron-

154 2191 229 2229 cnm
251 2182 311 2226 ant
331 2189 457 2226 saxum
480 2170 540 2225 arrt
560 2168 708 2241 quidvis
728 2171 874 2242 generis
903 2169 1081 2243 eiusdem
1099 2191 1186 2243 -qnae

154 2255 292 2328 oppositio
302 2251 355 2310 lroc
365 2253 425 2309 loco
435 2271 470 2309 eo
481 2254 572 2327 magis
581 2253 713 2326 ecfertur,
725 2250 946 2326 qnodpecrrdern
956 2256 1048 2327 priore
1059 2254 1121 2311 loco
1138 2275 1188 2327 po-

88 2401 94 2411 ,
155 2341 242 2398 sitnm
264 2349 321 2394 est:
344 2339 439 2408 itanne
462 2347 494 2392 nt
514 2347 621 2394 taceam
642 2338 812 2409 optimorum
832 2338 968 2395 librorum
985 2341 1188 2410 testimoninm,

155 2421 233 2496 qnod
253 2422 315 2478 sine
336 2420 437 2477 idonea
459 2439 563 2478 caussa
579 2439 615 2478 ne
630 2423 659 2476 in
675 2419 720 2476 nis
734 2421 850 2493 <pridem
867 2422 950 2478 rebne
966 2423 1071 2496 negligi
1087 2433 1188 2494 potest,

156 2507 243 2564 etiam
265 2507 402 2561 sententia
425 2504 454 2559 id
475 2503 593 2578 flagitat.
625 2503 726 2560 deinde
747 2523 798 2576 pro
819 2505 949 2577 volgatus
970 2503 1023 2562 secl
1040 2509 1116 2561 inter
1136 2503 1189 2562 lm·

156 2593 260 2648 minem
279 2601 306 2645 et
326 2607 433 2644 eremum
454 2601 506 2644 nur
527 2600 659 2644 truncam
679 2599 731 2642 ant
748 2584 859 2664 quidvis
868 2591 981 2660 generes
996 2585 1119 2644 mandem
1134 2607 1209 2645 rino.

156 2673 462 2747 praestantissimorum
483 2670 620 2728 librorum
641 2689 778 2728 consensu
794 2673 972 2743 scripsimus:
994 2668 1192 2728 sedoneris-

156 2759 259 2814 rninem
279 2769 307 2812 et
326 2767 460 2812 trrmcum
479 2767 532 2812 cart
551 2775 658 2810 coxam
674 2767 726 2811 nni
738 2751 831 2831 quido.
842 2775 909 2827 gen.
920 2752 1021 2828 elusit,
1043 2775 1100 2810 non
1115 2755 1194 2827 qnod

133 2848 135 2852 '
157 2840 280 2897 mnltnm
302 2837 368 2895 lrnic
388 2839 542 2896 verborum
563 2837 738 2895 collocationi
754 2839 935 2898 tribuendum
957 2841 1011 2909 sit,
1033 2853 1089 2911 qna
1111 2841 1140 2894 in
1163 2857 1193 2896 rc

158 2921 343 2982 vehementer
364 2921 454 2978 falsus
475 2933 518 2979 est
537 2919 733 2992 Gernlra'rdns,
755 2921 805 2978 scd
818 2922 893 2995 qnod
906 2921 951 2979 his
963 2925 991 2978 in
1010 2923 1094 2980 rebus
1108 2921 1195 2980 libros

159 3006 320 3080 sequendos
341 3007 475 3063 existimo
487 3004 555 3064 hos:
578 3003 699 3075 Erlnrt„
720 3002 858 3078 Gadium,
877 3004 1006 3064 Vindob.
1020 3005 1072 3076 11.,
1093 3005 1194 3079 Bene,

159 3089 375 3160 Basileeorem,
403 3090 507 3161 quibus
533 3089 667 3147 accedant
692 3087 775 3162 Aug.
799 3087 842 3160 1.,
863 3085 947 3164 Ang.
970 3090 1024 3161 11.,
1053 3088 1195 3162 (ioning,

161 3171 290 3232 Vindob.
314 3169 352 3244 l.,
374 3171 486 3244 Haen.,
516 3173 564 3231 alii
591 3170 688 3230 Beieri
710 3172 774 3228 libri
796 3183 882 3245 atone
904 3170 1077 3230 Gernlrardi.
1120 3172 1197 3246 ‹prrod

161 3268 258 3316 nartem
272 3254 394 3314 Beierns
414 3276 447 3315 se
468 3258 507 3314 ait
527 3257 695 3330 praetulisse
716 3255 795 3313 1111111Ι
812 3257 965 3315 verbornm
987 3257 1115 3315 ordinem
1132 3275 1197 3331 pro·
1263 3297 1265 3304 ·

162 3353 225 3416 pter
244 3361 361 3400 versum
384 3341 468 3398 illum
488 3338 609 3398 Homeri
634 3336 737 3415 Odyss.
759 3347 879 3400 τ.163.

212 3419 247 3484 οὗ
268 3413 410 3502 γὰρ’ἆπὸ
431 3416 523 3504 δρυός
544 3422 608 3482 ἐσσι
631 3416 835 3501 παλαιφάτου,
858 3419 923 3482 orid'
947 3417 1007 3482 ἀπὸ
1029 3421 1149 3499 πέτρὴς.

163 3509 218 3566 nisi
240 3505 286 3564 hio
305 3511 374 3566 item
396 3518 504 3565 mutato
525 3507 623 3566 ordine
644 3525 800 3579 expressus
821 3517 897 3564 esset
916 3509 946 3562 in
964 3503 1064 3563 Acnd.
1088 3507 1137 3562 lib.
1160 3505 1198 3562 11.

123 3614 125 3618 ’
149 3605 188 3650 'c.
214 3599 264 3650 31.
288 3594 319 3667 ᾗ.
344 3599 416 3650 100.
447 3611 505 3650 non
532 3594 607 3649 enim
634 3603 674 3648 est
695 3611 711 3646 e
730 3608 817 3646 nram¹
834 3587 964 3662 nouimus
991 3601 1043 3646 aar
1063 3597 1078 3644 e
1098 3586 1201 3646 robore

164 3673 306 3746 dolatos„
334 3696 392 3733 non
420 3674 504 3734 credo
534 3695 588 3750 ego
615 3673 661 3732 lris
684 3675 767 3731 rebns
788 3682 898 3730 tantum
920 3691 985 3730 esse
1007 3672 1202 3748 tribuendum,
1264 3691 1265 3698 ¹

164 3779 339 3833 quamquam
362 3761 448 3818 etiam
470 3761 511 3816 sic
532 3759 582 3816 illa
593 3801 604 3830 ,
635 3778 721 3831 qrrnrn
746 3758 854 3830 recepi,
882 3757 1035 3814 verboram
1058 3757 1202 3812 collocatio

164 3843 304 3913 multum,
338 3865 396 3916 qno
418 3863 449 3900 sa
470 3843 665 3912 commender,
697 3840 794 3914 hnbet3
825 3837 879 3897 hoc
902 3843 979 3898 enim
1007 3850 1140 3914 apparet,
1173 3843 1203 3896 in

165 3928 297 4000 proverbi
319 3926 638 3984 corrsnctndinemxcnm
661 3927 766 3982 abisset
787 3924 837 3981 illa
859 3924 978 3995 locutio,
1008 3941 1081 3982 recte
1108 3935 1136 3982 et
1158 3943 1204 3982 or·
1255 3919 1259 3925 ’

165 4011 243 4081 dine,
266 4021 297 4067 nt
319 4011 424 4068 iactum
446 4021 489 4067 est
512 4011 597 4066 ctiam
616 4009 655 4066 ab
671 4005 812 4081 Homero,
834 4018 996 4065 truncum
1014 4011 1205 4081 prireposltn'm

165 4113 229 4152 esse
251 4113 359 4166 saxo,
387 4113 472 4167 qnem
500 4092 537 4150 ad
562 4092 681 4150 modam
707 4093 793 4150 etiam
815 4111 868 4151 nos
888 4092 1008 4151 dicimus
1029 4090 1097 4148 dher·
1119 4087 1206 4148 Srock

166 4175 231 4234 und
257 4175 355 4254 Stein,
383 4196 440 4236 non
466 4174 537 4237 iiber
563 4175 646 4236 Staio
666 4172 730 4236 und
749 4173 846 4237 srock.
888 4176 966 4253 qnod
986 4187 1081 4235 antem
1103 4177 1133 4233 in
1154 4175 1205 4232 illo

934 4273 1004 4342 11·
