<?xml version="1.0" encoding="UTF-8"?>
<!DOCTYPE html PUBLIC "-//W3C//DTD XHTML 1.0 Transitional//EN"
    "http://www.w3.org/TR/xhtml1/DTD/xhtml1-transitional.dtd">
<html xmlns="http://www.w3.org/1999/xhtml" xml:lang="en" lang="en">
 <head>
  <title>
</title>
<meta http-equiv="Content-Type" content="text/html;charset=utf-8" />
  <meta name='ocr-system' content='tesseract 3.04.00' />
  <meta name='ocr-capabilities' content='ocr_page ocr_carea ocr_par ocr_line ocrx_word'/>
</head>
<body>
  <div class='ocr_page' id='page_1' title='image "./mtulliciceronis16cicegoog_0168.png"; bbox 0 0 2850 4940; ppageno 0'>
   <div class='ocr_carea' id='block_1_1' title="bbox 237 321 1177 456">
    <p class='ocr_par' dir='ltr' id='par_1_1' title="bbox 237 321 1177 456">
     <span class='ocr_line' id='line_1_1' title="bbox 237 321 1177 456; baseline -0.001 -23"><span class='ocrx_word' id='word_1_1' title='bbox 237 321 720 435; x_wconf 73' lang='lat' dir='ltr'><strong>snnonsmonns</strong></span> <span class='ocrx_word' id='word_1_2' title='bbox 769 359 851 456; x_wconf 72' lang='lat' dir='ltr'><strong>cap.</strong></span> <span class='ocrx_word' id='word_1_3' title='bbox 874 361 939 432; x_wconf 82' lang='lat' dir='ltr'><strong>xr.</strong></span> <span class='ocrx_word' id='word_1_4' title='bbox 962 362 999 452; x_wconf 71' lang='lat' dir='ltr'><strong>a</strong></span> <span class='ocrx_word' id='word_1_5' title='bbox 1021 366 1075 434; x_wconf 80' lang='lat' dir='ltr'><strong>so.</strong></span> <span class='ocrx_word' id='word_1_6' title='bbox 1114 363 1177 432; x_wconf 81' lang='lat'><strong>153</strong></span> 
     </span>
    </p>
   </div>
   <div class='ocr_carea' id='block_1_2' title="bbox 135 552 1178 1224">
    <p class='ocr_par' dir='ltr' id='par_1_2' title="bbox 135 552 1178 882">
     <span class='ocr_line' id='line_1_2' title="bbox 136 552 1178 628; baseline 0.002 -12"><span class='ocrx_word' id='word_1_7' title='bbox 136 559 309 628; x_wconf 81' lang='lat' dir='ltr'><strong>iunxerant,</strong></span> <span class='ocrx_word' id='word_1_8' title='bbox 339 555 415 614; x_wconf 81' lang='lat' dir='ltr'><strong>conf.</strong></span> <span class='ocrx_word' id='word_1_9' title='bbox 443 555 518 613; x_wconf 86' lang='lat' dir='ltr'><strong>inira</strong></span> <span class='ocrx_word' id='word_1_10' title='bbox 544 552 615 614; x_wconf 84' lang='lat' dir='ltr'><strong>hacc</strong></span> <span class='ocrx_word' id='word_1_11' title='bbox 641 554 745 614; x_wconf 83' lang='lat' dir='ltr'><strong>verba:</strong></span> <span class='ocrx_word' id='word_1_12' title='bbox 778 567 810 612; x_wconf 79' lang='lat' dir='ltr'><strong>at</strong></span> <span class='ocrx_word' id='word_1_13' title='bbox 835 575 901 614; x_wconf 82' lang='lat' dir='ltr'><strong>uero</strong></span> <span class='ocrx_word' id='word_1_14' title='bbox 932 553 983 616; x_wconf 72' lang='lat' dir='ltr'><strong>Tr.</strong></span> <span class='ocrx_word' id='word_1_15' title='bbox 1015 553 1178 618; x_wconf 79' lang='lat' dir='ltr'><strong>Gracchum</strong></span> 
     </span>
     <span class='ocr_line' id='line_1_3' title="bbox 135 637 1177 720; baseline 0.001 -20"><span class='ocrx_word' id='word_1_16' title='bbox 135 638 329 720; x_wconf 71' lang='lat' dir='ltr'><strong><em>sequebamur</em></strong></span> <span class='ocrx_word' id='word_1_17' title='bbox 352 640 385 700; x_wconf 76' lang='lat' dir='ltr'><strong>C.</strong></span> <span class='ocrx_word' id='word_1_18' title='bbox 413 637 508 698; x_wconf 79' lang='lat' dir='ltr'><strong>Gurdo</strong></span> <span class='ocrx_word' id='word_1_19' title='bbox 532 639 564 696; x_wconf 80' lang='lat' dir='ltr'><strong>G.</strong></span> <span class='ocrx_word' id='word_1_20' title='bbox 590 639 679 713; x_wconf 79' lang='lat' dir='ltr'><strong>Cato,</strong></span> <span class='ocrx_word' id='word_1_21' title='bbox 706 653 733 696; x_wconf 81' lang='lat' dir='ltr'><strong>et</strong></span> <span class='ocrx_word' id='word_1_22' title='bbox 759 642 874 696; x_wconf 74' lang='lat' dir='ltr'><strong>minium</strong></span> <span class='ocrx_word' id='word_1_23' title='bbox 894 653 964 699; x_wconf 76' lang='lat' dir='ltr'><strong>runc</strong></span> <span class='ocrx_word' id='word_1_24' title='bbox 983 639 1097 718; x_wconf 85' lang='lat' dir='ltr'><strong>quidem</strong></span> <span class='ocrx_word' id='word_1_25' title='bbox 1121 643 1177 702; x_wconf 80' lang='lat' dir='ltr'><strong>Ga-</strong></span> 
     </span>
     <span class='ocr_line' id='line_1_4' title="bbox 135 721 1178 812; baseline 0.003 -28"><span class='ocrx_word' id='word_1_26' title='bbox 135 730 182 784; x_wconf 85' lang='lat' dir='ltr'><strong>ins</strong></span> <span class='ocrx_word' id='word_1_27' title='bbox 194 725 317 812; x_wconf 83' lang='lat' dir='ltr'><strong>frater:</strong></span> <span class='ocrx_word' id='word_1_28' title='bbox 340 743 419 782; x_wconf 88' lang='lat' dir='ltr'><strong>nunc</strong></span> <span class='ocrx_word' id='word_1_29' title='bbox 437 721 512 781; x_wconf 81' lang='lat' dir='ltr'><strong>idem</strong></span> <span class='ocrx_word' id='word_1_30' title='bbox 533 727 705 794; x_wconf 82' lang='lat' dir='ltr'><strong>acerrimus,</strong></span> <span class='ocrx_word' id='word_1_31' title='bbox 728 724 776 780; x_wconf 88' lang='lat' dir='ltr'><strong>ubi</strong></span> <span class='ocrx_word' id='word_1_32' title='bbox 797 745 871 798; x_wconf 83' lang='lat' dir='ltr'><strong>qnae</strong></span> <span class='ocrx_word' id='word_1_33' title='bbox 892 727 1021 800; x_wconf 86' lang='lat' dir='ltr'><strong>sequitur</strong></span> <span class='ocrx_word' id='word_1_34' title='bbox 1040 728 1178 802; x_wconf 88' lang='lat' dir='ltr'><strong>particula</strong></span> 
     </span>
     <span class='ocr_line' id='line_1_5' title="bbox 136 808 796 882; baseline -0.006 -14"><span class='ocrx_word' id='word_1_35' title='bbox 136 823 164 868; x_wconf 80' lang='lat' dir='ltr'><strong>et</strong></span> <span class='ocrx_word' id='word_1_36' title='bbox 185 811 222 868; x_wconf 79' lang='lat' dir='ltr'><strong>ad</strong></span> <span class='ocrx_word' id='word_1_37' title='bbox 245 810 364 867; x_wconf 79' lang='lat' dir='ltr'><strong>verbnm</strong></span> <span class='ocrx_word' id='word_1_38' title='bbox 387 820 512 882; x_wconf 81' lang='lat' dir='ltr'><strong>spectat,</strong></span> <span class='ocrx_word' id='word_1_39' title='bbox 534 828 592 865; x_wconf 91' lang='lat' dir='ltr'><strong>non</strong></span> <span class='ocrx_word' id='word_1_40' title='bbox 613 808 650 865; x_wconf 87' lang='lat' dir='ltr'><strong>ad</strong></span> <span class='ocrx_word' id='word_1_41' title='bbox 671 809 796 864; x_wconf 89' lang='lat' dir='ltr'><strong>nomina.</strong></span> 
     </span>
    </p>

    <p class='ocr_par' dir='ltr' id='par_1_3' title="bbox 136 888 1178 1224">
     <span class='ocr_line' id='line_1_6' title="bbox 223 888 1178 974; baseline 0.004 -24"><span class='ocrx_word' id='word_1_42' title='bbox 223 893 341 951; x_wconf 81' lang='lat' dir='ltr'><strong>ibidem.</strong></span> <span class='ocrx_word' id='word_1_43' title='bbox 373 888 471 965; x_wconf 72' lang='lat' dir='ltr'><strong>Igitur</strong></span> <span class='ocrx_word' id='word_1_44' title='bbox 490 913 527 948; x_wconf 80' lang='lat' dir='ltr'><strong>aa</strong></span> <span class='ocrx_word' id='word_1_45' title='bbox 545 894 688 964; x_wconf 80' lang='lat' dir='ltr'><strong>srupionm‘</strong></span> <span class='ocrx_word' id='word_1_46' title='bbox 708 888 821 970; x_wconf 83' lang='lat' dir='ltr'><strong>quidem</strong></span> <span class='ocrx_word' id='word_1_47' title='bbox 836 913 989 966; x_wconf 86' lang='lat' dir='ltr'><strong>possumus</strong></span> <span class='ocrx_word' id='word_1_48' title='bbox 1008 913 1178 974; x_wconf 72' lang='lat' dir='ltr'><strong>quamquam</strong></span> 
     </span>
     <span class='ocr_line' id='line_1_7' title="bbox 136 973 1176 1057; baseline 0 -19"><span class='ocrx_word' id='word_1_49' title='bbox 136 975 306 1046; x_wconf 71' lang='lat' dir='ltr'><strong>horumnb</strong></span> <span class='ocrx_word' id='word_1_50' title='bbox 333 979 425 1040; x_wconf 73' lang='lat' dir='ltr'><strong>(unico</strong></span> <span class='ocrx_word' id='word_1_51' title='bbox 452 973 602 1053; x_wconf 80' lang='lat' dir='ltr'><strong>quidpiam</strong></span> <span class='ocrx_word' id='word_1_52' title='bbox 628 973 819 1046; x_wconf 70' lang='lat' dir='ltr'><strong>contendisse,</strong></span> <span class='ocrx_word' id='word_1_53' title='bbox 853 975 933 1054; x_wconf 84' lang='lat' dir='ltr'><strong>quod</strong></span> <span class='ocrx_word' id='word_1_54' title='bbox 954 975 1057 1037; x_wconf 82' lang='lat' dir='ltr'><strong>contra</strong></span> <span class='ocrx_word' id='word_1_55' title='bbox 1074 978 1176 1057; x_wconf 81' lang='lat' dir='ltr'><strong>fidam,</strong></span> 
     </span>
     <span class='ocr_line' id='line_1_8' title="bbox 137 1057 1177 1133; baseline 0.001 -11"><span class='ocrx_word' id='word_1_56' title='bbox 137 1077 240 1123; x_wconf 85' lang='lat' dir='ltr'><strong>contra</strong></span> <span class='ocrx_word' id='word_1_57' title='bbox 265 1067 312 1120; x_wconf 87' lang='lat' dir='ltr'><strong>ius</strong></span> <span class='ocrx_word' id='word_1_58' title='bbox 336 1057 495 1118; x_wconf 83' lang='lat' dir='ltr'><strong>iurandum</strong></span> <span class='ocrx_word' id='word_1_59' title='bbox 500 1102 510 1131; x_wconf 86' lang='lat'><em>,</em></span> <span class='ocrx_word' id='word_1_60' title='bbox 538 1073 641 1117; x_wconf 79' lang='lat' dir='ltr'><strong>contra</strong></span> <span class='ocrx_word' id='word_1_61' title='bbox 667 1081 727 1116; x_wconf 86' lang='lat' dir='ltr'><strong>rcm</strong></span> <span class='ocrx_word' id='word_1_62' title='bbox 747 1057 901 1133; x_wconf 84' lang='lat' dir='ltr'><strong>publicam</strong></span> <span class='ocrx_word' id='word_1_63' title='bbox 917 1075 995 1120; x_wconf 85' lang='lat' dir='ltr'><strong>essct.</strong></span> <span class='ocrx_word' id='word_1_64' title='bbox 1039 1062 1177 1123; x_wconf 84' lang='lat' dir='ltr'><strong>hocloco</strong></span> 
     </span>
     <span class='ocr_line' id='line_1_9' title="bbox 137 1142 1178 1224; baseline 0 -17"><span class='ocrx_word' id='word_1_65' title='bbox 137 1145 262 1207; x_wconf 83' lang='lat' dir='ltr'><strong>Beicrns</strong></span> <span class='ocrx_word' id='word_1_66' title='bbox 292 1165 343 1221; x_wconf 92' lang='lat' dir='ltr'><strong>pro</strong></span> <span class='ocrx_word' id='word_1_67' title='bbox 373 1142 523 1224; x_wconf 75' lang='lat' dir='ltr'><strong>quidpiam</strong></span> <span class='ocrx_word' id='word_1_68' title='bbox 552 1163 592 1202; x_wconf 81' lang='lat' dir='ltr'><strong>cx</strong></span> <span class='ocrx_word' id='word_1_69' title='bbox 618 1145 775 1202; x_wconf 83' lang='lat' dir='ltr'><strong>coniectura</strong></span> <span class='ocrx_word' id='word_1_70' title='bbox 803 1163 853 1201; x_wconf 86' lang='lat' dir='ltr'><strong>sna</strong></span> <span class='ocrx_word' id='word_1_71' title='bbox 886 1149 1037 1224; x_wconf 87' lang='lat' dir='ltr'><strong>quicquam</strong></span> <span class='ocrx_word' id='word_1_72' title='bbox 1067 1151 1178 1224; x_wconf 78' lang='lat' dir='ltr'><strong>scripsit</strong></span> 
     </span>
    </p>
   </div>
   <div class='ocr_carea' id='block_1_3' title="bbox 45 1227 1179 1306">
    <p class='ocr_par' dir='ltr' id='par_1_4' title="bbox 45 1227 1179 1306">
     <span class='ocr_line' id='line_1_10' title="bbox 45 1227 1179 1306; baseline 0.001 -15"><span class='ocrx_word' id='word_1_73' title='bbox 45 1299 50 1306; x_wconf 50' lang='grc'>,</span> <span class='ocrx_word' id='word_1_74' title='bbox 138 1234 259 1306; x_wconf 71' lang='lat' dir='ltr'><strong>cinisque</strong></span> <span class='ocrx_word' id='word_1_75' title='bbox 279 1232 418 1289; x_wconf 85' lang='lat' dir='ltr'><strong>rationem</strong></span> <span class='ocrx_word' id='word_1_76' title='bbox 445 1229 620 1303; x_wconf 84' lang='lat' dir='ltr'><strong>probabilem</strong></span> <span class='ocrx_word' id='word_1_77' title='bbox 647 1229 792 1286; x_wconf 86' lang='lat' dir='ltr'><strong>existimat</strong></span> <span class='ocrx_word' id='word_1_78' title='bbox 813 1227 951 1290; x_wconf 81' lang='lat' dir='ltr'><strong>Orsliius.</strong></span> <span class='ocrx_word' id='word_1_79' title='bbox 994 1233 1128 1304; x_wconf 81' lang='lat' dir='ltr'><strong>aqrridem</strong></span> <span class='ocrx_word' id='word_1_80' title='bbox 1149 1243 1179 1292; x_wconf 80' lang='lat' dir='ltr'><strong>ct</strong></span> 
     </span>
    </p>
   </div>
   <div class='ocr_carea' id='block_1_4' title="bbox 126 1309 1246 2072">
    <p class='ocr_par' dir='ltr' id='par_1_5' title="bbox 126 1309 1246 2072">
     <span class='ocr_line' id='line_1_11' title="bbox 139 1309 1178 1394; baseline 0 -20"><span class='ocrx_word' id='word_1_81' title='bbox 139 1317 208 1374; x_wconf 88' lang='lat' dir='ltr'><strong>olim</strong></span> <span class='ocrx_word' id='word_1_82' title='bbox 234 1317 265 1372; x_wconf 87' lang='lat' dir='ltr'><strong>in</strong></span> <span class='ocrx_word' id='word_1_83' title='bbox 285 1314 390 1394; x_wconf 77' lang='lat' dir='ltr'><strong>praef.</strong></span> <span class='ocrx_word' id='word_1_84' title='bbox 419 1311 507 1370; x_wconf 80' lang='lat' dir='ltr'><strong>Laeli</strong></span> <span class='ocrx_word' id='word_1_85' title='bbox 534 1310 602 1371; x_wconf 82' lang='lat' dir='ltr'><strong>odit.</strong></span> <span class='ocrx_word' id='word_1_86' title='bbox 631 1309 868 1386; x_wconf 79' lang='lat' dir='ltr'><strong>Biicdlingianac</strong></span> <span class='ocrx_word' id='word_1_87' title='bbox 882 1318 989 1372; x_wconf 74' lang='lat' dir='ltr'><strong>tertiae</strong></span> <span class='ocrx_word' id='word_1_88' title='bbox 1009 1316 1089 1374; x_wconf 87' lang='lat' dir='ltr'><strong>illam</strong></span> <span class='ocrx_word' id='word_1_89' title='bbox 1111 1336 1178 1376; x_wconf 54' lang='lat' dir='ltr'><strong>con*-</strong></span> 
     </span>
     <span class='ocr_line' id='line_1_12' title="bbox 138 1397 1178 1476; baseline 0.002 -17"><span class='ocrx_word' id='word_1_90' title='bbox 138 1403 276 1459; x_wconf 82' lang='lat' dir='ltr'><strong>iectaram</strong></span> <span class='ocrx_word' id='word_1_91' title='bbox 297 1398 512 1472; x_wconf 72' lang='lat' dir='ltr'><strong>improbandam</strong></span> <span class='ocrx_word' id='word_1_92' title='bbox 534 1399 636 1472; x_wconf 80' lang='lat' dir='ltr'><strong>patavi</strong></span> <span class='ocrx_word' id='word_1_93' title='bbox 658 1407 687 1454; x_wconf 80' lang='lat' dir='ltr'><strong>ct</strong></span> <span class='ocrx_word' id='word_1_94' title='bbox 712 1414 788 1454; x_wconf 83' lang='lat' dir='ltr'><strong>rrunc</strong></span> <span class='ocrx_word' id='word_1_95' title='bbox 814 1397 891 1456; x_wconf 81' lang='lat' dir='ltr'><strong>idem</strong></span> <span class='ocrx_word' id='word_1_96' title='bbox 920 1402 1091 1476; x_wconf 86' lang='lat' dir='ltr'><strong>pronuncio,</strong></span> <span class='ocrx_word' id='word_1_97' title='bbox 1123 1403 1178 1460; x_wconf 81' lang='lat' dir='ltr'><strong>etsi</strong></span> 
     </span>
     <span class='ocr_line' id='line_1_13' title="bbox 139 1479 1246 1564; baseline 0.002 -22"><span class='ocrx_word' id='word_1_98' title='bbox 139 1481 298 1564; x_wconf 82' lang='lat' dir='ltr'><strong>quidquam</strong></span> <span class='ocrx_word' id='word_1_99' title='bbox 318 1485 348 1540; x_wconf 91' lang='lat' dir='ltr'><strong>in</strong></span> <span class='ocrx_word' id='word_1_100' title='bbox 368 1483 441 1540; x_wconf 87' lang='lat' dir='ltr'><strong>libro</strong></span> <span class='ocrx_word' id='word_1_101' title='bbox 463 1479 644 1539; x_wconf 85' lang='lat' dir='ltr'><strong>Haeneliano</strong></span> <span class='ocrx_word' id='word_1_102' title='bbox 666 1483 799 1555; x_wconf 80' lang='lat' dir='ltr'><strong>scriptam</strong></span> <span class='ocrx_word' id='word_1_103' title='bbox 822 1483 930 1554; x_wconf 87' lang='lat' dir='ltr'><strong>inveni,</strong></span> <span class='ocrx_word' id='word_1_104' title='bbox 952 1487 1002 1558; x_wconf 87' lang='lat' dir='ltr'><strong>qni</strong></span> <span class='ocrx_word' id='word_1_105' title='bbox 1017 1494 1112 1544; x_wconf 84' lang='lat' dir='ltr'><strong>tamen</strong></span> <span class='ocrx_word' id='word_1_106' title='bbox 1126 1505 1178 1544; x_wconf 86' lang='lat' dir='ltr'><strong>ne·</strong></span> <span class='ocrx_word' id='word_1_107' title='bbox 1244 1503 1246 1507; x_wconf 89' lang='grc'><strong><em>·</em></strong></span> 
     </span>
     <span class='ocr_line' id='line_1_14' title="bbox 139 1567 1179 1642; baseline 0.002 -16"><span class='ocrx_word' id='word_1_108' title='bbox 139 1589 197 1642; x_wconf 86' lang='lat' dir='ltr'><strong>qne</strong></span> <span class='ocrx_word' id='word_1_109' title='bbox 219 1577 360 1628; x_wconf 81' lang='lat' dir='ltr'><strong>vetustata</strong></span> <span class='ocrx_word' id='word_1_110' title='bbox 380 1586 475 1640; x_wconf 83' lang='lat' dir='ltr'><strong>rreqne</strong></span> <span class='ocrx_word' id='word_1_111' title='bbox 496 1567 620 1624; x_wconf 79' lang='lat' dir='ltr'><strong>bonitate</strong></span> <span class='ocrx_word' id='word_1_112' title='bbox 641 1567 797 1639; x_wconf 85' lang='lat' dir='ltr'><strong>comparari</strong></span> <span class='ocrx_word' id='word_1_113' title='bbox 818 1576 911 1641; x_wconf 79' lang='lat' dir='ltr'><strong>potest</strong></span> <span class='ocrx_word' id='word_1_114' title='bbox 923 1574 995 1626; x_wconf 85' lang='lat' dir='ltr'><strong>&#39;cum</strong></span> <span class='ocrx_word' id='word_1_115' title='bbox 1016 1569 1096 1628; x_wconf 85' lang='lat' dir='ltr'><strong>libris</strong></span> <span class='ocrx_word' id='word_1_116' title='bbox 1117 1591 1179 1630; x_wconf 89' lang='lat' dir='ltr'><strong>me·</strong></span> 
     </span>
     <span class='ocr_line' id='line_1_15' title="bbox 139 1647 1179 1726; baseline 0.003 -16"><span class='ocrx_word' id='word_1_117' title='bbox 139 1652 270 1710; x_wconf 84' lang='lat' dir='ltr'><strong>lioribus.</strong></span> <span class='ocrx_word' id='word_1_118' title='bbox 313 1661 343 1708; x_wconf 84' lang='lat' dir='ltr'><strong>at</strong></span> <span class='ocrx_word' id='word_1_119' title='bbox 363 1661 469 1725; x_wconf 79' lang='lat' dir='ltr'><strong>negant</strong></span> <span class='ocrx_word' id='word_1_120' title='bbox 489 1648 619 1708; x_wconf 87' lang='lat' dir='ltr'><strong>homines</strong></span> <span class='ocrx_word' id='word_1_121' title='bbox 641 1650 714 1708; x_wconf 87' lang='lat' dir='ltr'><strong>docti</strong></span> <span class='ocrx_word' id='word_1_122' title='bbox 733 1647 780 1708; x_wconf 86' lang='lat' dir='ltr'><strong>his</strong></span> <span class='ocrx_word' id='word_1_123' title='bbox 805 1653 835 1708; x_wconf 91' lang='lat' dir='ltr'><strong>in</strong></span> <span class='ocrx_word' id='word_1_124' title='bbox 862 1651 945 1726; x_wconf 83' lang='lat' dir='ltr'><strong>locis,</strong></span> <span class='ocrx_word' id='word_1_125' title='bbox 973 1654 1022 1712; x_wconf 89' lang='lat' dir='ltr'><strong>ubi</strong></span> <span class='ocrx_word' id='word_1_126' title='bbox 1050 1675 1179 1726; x_wconf 83' lang='lat' dir='ltr'><strong>pracess-</strong></span> 
     </span>
     <span class='ocr_line' id='line_1_16' title="bbox 140 1732 1179 1812; baseline 0.002 -17"><span class='ocrx_word' id='word_1_127' title='bbox 140 1736 212 1796; x_wconf 87' lang='lat' dir='ltr'><strong>serit</strong></span> <span class='ocrx_word' id='word_1_128' title='bbox 233 1736 363 1810; x_wconf 63' lang='lat' dir='ltr'><strong>irrigatio,</strong></span> <span class='ocrx_word' id='word_1_129' title='bbox 384 1735 478 1792; x_wconf 86' lang='lat' dir='ltr'><strong>locam</strong></span> <span class='ocrx_word' id='word_1_130' title='bbox 499 1732 603 1792; x_wconf 83' lang='lat' dir='ltr'><strong>habere</strong></span> <span class='ocrx_word' id='word_1_131' title='bbox 625 1755 780 1808; x_wconf 78' lang='lat' dir='ltr'><strong>pronomen</strong></span> <span class='ocrx_word' id='word_1_132' title='bbox 802 1739 956 1812; x_wconf 78' lang='lat' dir='ltr'><strong>quispirim,</strong></span> <span class='ocrx_word' id='word_1_133' title='bbox 977 1739 1018 1796; x_wconf 84' lang='lat' dir='ltr'><strong>uti</strong></span> <span class='ocrx_word' id='word_1_134' title='bbox 1035 1736 1179 1798; x_wconf 87' lang='lat' dir='ltr'><strong>Heindor-</strong></span> 
     </span>
     <span class='ocr_line' id='line_1_17' title="bbox 140 1815 1178 1898; baseline 0.007 -21"><span class='ocrx_word' id='word_1_135' title='bbox 140 1816 411 1878; x_wconf 69' lang='lat' dir='ltr'><strong>{inconcinna</strong></span> <span class='ocrx_word' id='word_1_136' title='bbox 434 1815 469 1876; x_wconf 85' lang='lat' dir='ltr'><strong>dc</strong></span> <span class='ocrx_word' id='word_1_137' title='bbox 488 1831 596 1876; x_wconf 86' lang='lat' dir='ltr'><strong>natura</strong></span> <span class='ocrx_word' id='word_1_138' title='bbox 616 1816 696 1878; x_wconf 77' lang='lat' dir='ltr'><strong>ticon.</strong></span> <span class='ocrx_word' id='word_1_139' title='bbox 713 1817 786 1894; x_wconf 80' lang='lat' dir='ltr'><strong>HL,</strong></span> <span class='ocrx_word' id='word_1_140' title='bbox 809 1839 832 1877; x_wconf 90' lang='lat' dir='ltr'><strong>c.</strong></span> <span class='ocrx_word' id='word_1_141' title='bbox 857 1828 887 1880; x_wconf 85' lang='lat'><strong>4.</strong></span> <span class='ocrx_word' id='word_1_142' title='bbox 911 1823 942 1896; x_wconf 56' lang='grc' dir='ltr'><strong>ᾗ.</strong></span> <span class='ocrx_word' id='word_1_143' title='bbox 969 1829 1017 1882; x_wconf 91' lang='grc'><strong>11.</strong></span> <span class='ocrx_word' id='word_1_144' title='bbox 1041 1845 1069 1898; x_wconf 90' lang='lat' dir='ltr'><strong>p.</strong></span> <span class='ocrx_word' id='word_1_145' title='bbox 1094 1831 1178 1898; x_wconf 71' lang='lat'><strong>290„</strong></span> 
     </span>
     <span class='ocr_line' id='line_1_18' title="bbox 140 1899 1180 1980; baseline 0.004 -18"><span class='ocrx_word' id='word_1_146' title='bbox 140 1903 286 1962; x_wconf 82' lang='lat' dir='ltr'><strong>Miiilerns</strong></span> <span class='ocrx_word' id='word_1_147' title='bbox 308 1902 342 1965; x_wconf 86' lang='lat' dir='ltr'><strong>ad</strong></span> <span class='ocrx_word' id='word_1_148' title='bbox 364 1903 414 1962; x_wconf 87' lang='lat' dir='ltr'><strong>lib.</strong></span> <span class='ocrx_word' id='word_1_149' title='bbox 436 1899 495 1963; x_wconf 81' lang='lat' dir='ltr'><strong>Cic.</strong></span> <span class='ocrx_word' id='word_1_150' title='bbox 518 1899 554 1963; x_wconf 87' lang='lat' dir='ltr'><strong>du</strong></span> <span class='ocrx_word' id='word_1_151' title='bbox 575 1917 649 1963; x_wconf 85' lang='lat' dir='ltr'><strong>orat.</strong></span> <span class='ocrx_word' id='word_1_152' title='bbox 663 1905 686 1975; x_wconf 81' lang='grc' dir='ltr'><strong>Ι,</strong></span> <span class='ocrx_word' id='word_1_153' title='bbox 709 1922 733 1962; x_wconf 91' lang='lat' dir='ltr'><strong>c.</strong></span> <span class='ocrx_word' id='word_1_154' title='bbox 748 1909 776 1965; x_wconf 85' lang='lat'><strong>1.</strong></span> <span class='ocrx_word' id='word_1_155' title='bbox 800 1907 832 1980; x_wconf 56' lang='grc' dir='ltr'><strong>ᾗ.</strong></span> <span class='ocrx_word' id='word_1_156' title='bbox 849 1911 890 1975; x_wconf 87' lang='grc'><strong>4.,</strong></span> <span class='ocrx_word' id='word_1_157' title='bbox 912 1903 1036 1966; x_wconf 85' lang='lat' dir='ltr'><strong>Beierns</strong></span> <span class='ocrx_word' id='word_1_158' title='bbox 1052 1907 1180 1967; x_wconf 85' lang='lat' dir='ltr'><strong>adhunc</strong></span> 
     </span>
     <span class='ocr_line' id='line_1_19' title="bbox 126 1984 1179 2072; baseline 0.005 -27"><span class='ocrx_word' id='word_1_159' title='bbox 126 1987 248 2062; x_wconf 83' lang='lat' dir='ltr'><strong>‘locum‚</strong></span> <span class='ocrx_word' id='word_1_160' title='bbox 270 1984 399 2044; x_wconf 81' lang='lat' dir='ltr'><strong>Orellins</strong></span> <span class='ocrx_word' id='word_1_161' title='bbox 420 1986 553 2060; x_wconf 85' lang='lat' dir='ltr'><strong>deniqne,</strong></span> <span class='ocrx_word' id='word_1_162' title='bbox 576 1987 676 2069; x_wconf 85' lang='lat' dir='ltr'><strong>quiin</strong></span> <span class='ocrx_word' id='word_1_163' title='bbox 699 1988 830 2046; x_wconf 84' lang='lat' dir='ltr'><strong>omnibns</strong></span> <span class='ocrx_word' id='word_1_164' title='bbox 851 1991 914 2048; x_wconf 81' lang='lat' dir='ltr'><strong>eins</strong></span> <span class='ocrx_word' id='word_1_165' title='bbox 931 1991 1008 2050; x_wconf 89' lang='lat' dir='ltr'><strong>modi</strong></span> <span class='ocrx_word' id='word_1_166' title='bbox 1021 1993 1179 2072; x_wconf 83' lang='lat' dir='ltr'><strong>locisquis·</strong></span> 
     </span>
    </p>
   </div>
   <div class='ocr_carea' id='block_1_5' title="bbox 135 2071 1416 2148">
    <p class='ocr_par' dir='ltr' id='par_1_6' title="bbox 135 2071 1416 2148">
     <span class='ocr_line' id='line_1_20' title="bbox 135 2071 1416 2148; baseline 0.007 -20"><span class='ocrx_word' id='word_1_167' title='bbox 135 2075 221 2147; x_wconf 84' lang='lat' dir='ltr'><strong>piam</strong></span> <span class='ocrx_word' id='word_1_168' title='bbox 241 2083 398 2144; x_wconf 81' lang='lat' dir='ltr'><strong>pronomen</strong></span> <span class='ocrx_word' id='word_1_169' title='bbox 420 2071 587 2128; x_wconf 83' lang='lat' dir='ltr'><strong>nnnandnm</strong></span> <span class='ocrx_word' id='word_1_170' title='bbox 610 2073 795 2130; x_wconf 82' lang='lat' dir='ltr'><strong>existimavit.</strong></span> <span class='ocrx_word' id='word_1_171' title='bbox 821 2071 924 2131; x_wconf 85' lang='lat' dir='ltr'><strong>horam</strong></span> <span class='ocrx_word' id='word_1_172' title='bbox 938 2077 1065 2134; x_wconf 84' lang='lat' dir='ltr'><strong>virorum</strong></span> <span class='ocrx_word' id='word_1_173' title='bbox 1078 2077 1180 2136; x_wconf 84' lang='lat' dir='ltr'><strong>doctis-</strong></span> <span class='ocrx_word' id='word_1_174' title='bbox 1262 2117 1288 2138; x_wconf 24' lang='grc' dir='ltr'><strong>κ,</strong></span> <span class='ocrx_word' id='word_1_175' title='bbox 1314 2071 1316 2075; x_wconf 45' lang='grc'>’</span> <span class='ocrx_word' id='word_1_176' title='bbox 1415 2139 1416 2148; x_wconf 54' lang='grc'>,</span> 
     </span>
    </p>
   </div>
   <div class='ocr_carea' id='block_1_6' title="bbox 104 2153 1267 3842">
    <p class='ocr_par' dir='ltr' id='par_1_7' title="bbox 104 2153 1267 3842">
     <span class='ocr_line' id='line_1_21' title="bbox 142 2153 1246 2232; baseline 0.007 -20"><span class='ocrx_word' id='word_1_177' title='bbox 142 2158 280 2216; x_wconf 85' lang='lat' dir='ltr'><strong>simorum</strong></span> <span class='ocrx_word' id='word_1_178' title='bbox 308 2153 519 2229; x_wconf 83' lang='lat' dir='ltr'><strong>opinioni&#39;non</strong></span> <span class='ocrx_word' id='word_1_179' title='bbox 547 2155 640 2212; x_wconf 89' lang='lat' dir='ltr'><strong>solnm</strong></span> <span class='ocrx_word' id='word_1_180' title='bbox 667 2157 729 2229; x_wconf 83' lang='lat' dir='ltr'><strong>ipsa</strong></span> <span class='ocrx_word' id='word_1_181' title='bbox 750 2154 836 2214; x_wconf 86' lang='lat' dir='ltr'><strong>haias</strong></span> <span class='ocrx_word' id='word_1_182' title='bbox 857 2161 1031 2232; x_wconf 82' lang='lat' dir='ltr'><strong>pronominis</strong></span> <span class='ocrx_word' id='word_1_183' title='bbox 1052 2163 1127 2218; x_wconf 71' lang='lat' dir='ltr'><strong>ratiov</strong></span> <span class='ocrx_word' id='word_1_184' title='bbox 1144 2180 1180 2220; x_wconf 88' lang='lat' dir='ltr'><strong>ac</strong></span> <span class='ocrx_word' id='word_1_185' title='bbox 1243 2223 1246 2226; x_wconf 67' lang='grc'>,</span> 
     </span>
     <span class='ocr_line' id='line_1_22' title="bbox 108 2229 1180 2318; baseline 0.005 -19"><span class='ocrx_word' id='word_1_186' title='bbox 108 2229 109 2236; x_wconf 8' lang='grc' dir='ltr'>ἵ</span> <span class='ocrx_word' id='word_1_187' title='bbox 130 2239 312 2314; x_wconf 70' lang='lat' dir='ltr'><strong>significatio</strong></span> <span class='ocrx_word' id='word_1_188' title='bbox 332 2249 489 2314; x_wconf 77' lang='lat' dir='ltr'><strong>repugnat,</strong></span> <span class='ocrx_word' id='word_1_189' title='bbox 515 2257 616 2296; x_wconf 87' lang='lat' dir='ltr'><strong>veram</strong></span> <span class='ocrx_word' id='word_1_190' title='bbox 638 2241 723 2296; x_wconf 84' lang='lat' dir='ltr'><strong>otiam</strong></span> <span class='ocrx_word' id='word_1_191' title='bbox 745 2240 799 2298; x_wconf 90' lang='lat' dir='ltr'><strong>loci</strong></span> <span class='ocrx_word' id='word_1_192' title='bbox 821 2245 990 2314; x_wconf 77' lang='lat' dir='ltr'><strong>optimorum</strong></span> <span class='ocrx_word' id='word_1_193' title='bbox 1012 2247 1180 2318; x_wconf 87' lang='lat' dir='ltr'><strong>scriptorum</strong></span> 
     </span>
     <span class='ocr_line' id='line_1_23' title="bbox 142 2323 1180 2402; baseline 0.006 -20"><span class='ocrx_word' id='word_1_194' title='bbox 142 2325 237 2386; x_wconf 84' lang='lat' dir='ltr'><strong>multi.</strong></span> <span class='ocrx_word' id='word_1_195' title='bbox 269 2343 302 2380; x_wconf 87' lang='lat' dir='ltr'><strong>ac</strong></span> <span class='ocrx_word' id='word_1_196' title='bbox 322 2325 445 2396; x_wconf 74' lang='lat' dir='ltr'><strong>priimum</strong></span> <span class='ocrx_word' id='word_1_197' title='bbox 467 2323 582 2396; x_wconf 79' lang='lat' dir='ltr'><strong>quidem</strong></span> <span class='ocrx_word' id='word_1_198' title='bbox 598 2344 751 2396; x_wconf 85' lang='lat' dir='ltr'><strong>pronomen</strong></span> <span class='ocrx_word' id='word_1_199' title='bbox 768 2329 909 2402; x_wconf 86' lang='lat' dir='ltr'><strong>quispiam</strong></span> <span class='ocrx_word' id='word_1_200' title='bbox 921 2329 957 2384; x_wconf 86' lang='lat' dir='ltr'><strong>ita</strong></span> <span class='ocrx_word' id='word_1_201' title='bbox 971 2329 1083 2388; x_wconf 83' lang='lat' dir='ltr'><strong>videtur</strong></span> <span class='ocrx_word' id='word_1_202' title='bbox 1096 2351 1180 2389; x_wconf 89' lang='lat' dir='ltr'><strong>nsnr·</strong></span> 
     </span>
     <span class='ocr_line' id='line_1_24' title="bbox 142 2407 1180 2490; baseline 0.009 -26"><span class='ocrx_word' id='word_1_203' title='bbox 142 2409 223 2483; x_wconf 84' lang='lat' dir='ltr'><strong>pari,</strong></span> <span class='ocrx_word' id='word_1_204' title='bbox 254 2421 285 2464; x_wconf 89' lang='lat' dir='ltr'><strong>nt</strong></span> <span class='ocrx_word' id='word_1_205' title='bbox 307 2407 447 2481; x_wconf 74' lang='lat' dir='ltr'><strong>significet</strong></span> <span class='ocrx_word' id='word_1_206' title='bbox 467 2407 612 2482; x_wconf 76' lang='lat' dir='ltr'><strong>singulare</strong></span> <span class='ocrx_word' id='word_1_207' title='bbox 630 2407 775 2481; x_wconf 82' lang='lat' dir='ltr'><strong>quoddam</strong></span> <span class='ocrx_word' id='word_1_208' title='bbox 796 2430 837 2468; x_wconf 85' lang='lat' dir='ltr'><strong>ex</strong></span> <span class='ocrx_word' id='word_1_209' title='bbox 858 2407 981 2483; x_wconf 80' lang='lat' dir='ltr'><strong>quodam</strong></span> <span class='ocrx_word' id='word_1_210' title='bbox 1003 2435 1108 2490; x_wconf 75' lang='lat' dir='ltr'><strong>genere</strong></span> <span class='ocrx_word' id='word_1_211' title='bbox 1129 2435 1180 2488; x_wconf 88' lang='lat' dir='ltr'><strong>pro</strong></span> 
     </span>
     <span class='ocr_line' id='line_1_25' title="bbox 142 2475 1181 2575; baseline 0.006 -25"><span class='ocrx_word' id='word_1_212' title='bbox 142 2491 278 2566; x_wconf 81' lang='lat' dir='ltr'><strong>exemplo</strong></span> <span class='ocrx_word' id='word_1_213' title='bbox 300 2491 409 2565; x_wconf 73' lang='lat' dir='ltr'><strong>afferri,¹</strong></span> <span class='ocrx_word' id='word_1_214' title='bbox 430 2491 506 2565; x_wconf 88' lang='lat' dir='ltr'><strong>qnod</strong></span> <span class='ocrx_word' id='word_1_215' title='bbox 527 2512 580 2548; x_wconf 90' lang='lat' dir='ltr'><strong>nos</strong></span> <span class='ocrx_word' id='word_1_216' title='bbox 601 2475 817 2550; x_wconf 46' lang='lat' dir='ltr'><strong>dicamnssdcr</strong></span> <span class='ocrx_word' id='word_1_217' title='bbox 837 2493 906 2552; x_wconf 85' lang='lat' dir='ltr'><strong>oder</strong></span> <span class='ocrx_word' id='word_1_218' title='bbox 916 2495 1016 2575; x_wconf 75' lang='lat' dir='ltr'><strong>jonar,</strong></span> <span class='ocrx_word' id='word_1_219' title='bbox 1038 2495 1091 2556; x_wconf 84' lang='lat' dir='ltr'><strong>dns</strong></span> <span class='ocrx_word' id='word_1_220' title='bbox 1111 2497 1181 2558; x_wconf 85' lang='lat' dir='ltr'><strong>odor</strong></span> 
     </span>
     <span class='ocr_line' id='line_1_26' title="bbox 134 2575 1180 2657; baseline 0.007 -23"><span class='ocrx_word' id='word_1_221' title='bbox 134 2577 236 2657; x_wconf 82' lang='lat' dir='ltr'><strong>janes,</strong></span> <span class='ocrx_word' id='word_1_222' title='bbox 264 2577 302 2632; x_wconf 85' lang='lat' dir='ltr'><strong>ita</strong></span> <span class='ocrx_word' id='word_1_223' title='bbox 324 2586 356 2633; x_wconf 86' lang='lat' dir='ltr'><strong>ut</strong></span> <span class='ocrx_word' id='word_1_224' title='bbox 378 2595 433 2633; x_wconf 89' lang='lat' dir='ltr'><strong>non</strong></span> <span class='ocrx_word' id='word_1_225' title='bbox 455 2589 511 2633; x_wconf 84' lang='lat' dir='ltr'><strong>tarn</strong></span> <span class='ocrx_word' id='word_1_226' title='bbox 535 2575 628 2649; x_wconf 82' lang='lat' dir='ltr'><strong>qualis</strong></span> <span class='ocrx_word' id='word_1_227' title='bbox 648 2577 698 2634; x_wconf 84' lang='lat' dir='ltr'><strong>ilie</strong></span> <span class='ocrx_word' id='word_1_228' title='bbox 725 2578 762 2634; x_wconf 86' lang='lat' dir='ltr'><strong>sit</strong></span> <span class='ocrx_word' id='word_1_229' title='bbox 788 2599 975 2653; x_wconf 71' lang='lat' dir='ltr'><strong>quaeramus,-</strong></span> <span class='ocrx_word' id='word_1_230' title='bbox 1002 2603 1088 2656; x_wconf 87' lang='lat' dir='ltr'><strong>qnam</strong></span> <span class='ocrx_word' id='word_1_231' title='bbox 1117 2603 1180 2641; x_wconf 88' lang='lat' dir='ltr'><strong>essa</strong></span> 
     </span>
     <span class='ocr_line' id='line_1_27' title="bbox 143 2659 1181 2741; baseline 0.007 -23"><span class='ocrx_word' id='word_1_232' title='bbox 143 2660 287 2735; x_wconf 77' lang='lat' dir='ltr'><strong>qnondam</strong></span> <span class='ocrx_word' id='word_1_233' title='bbox 308 2680 457 2734; x_wconf 84' lang='lat' dir='ltr'><strong>ponamus.</strong></span> <span class='ocrx_word' id='word_1_234' title='bbox 501 2659 575 2718; x_wconf 83' lang='lat' dir='ltr'><strong>hanc</strong></span> <span class='ocrx_word' id='word_1_235' title='bbox 596 2660 631 2717; x_wconf 91' lang='lat' dir='ltr'><strong>ob</strong></span> <span class='ocrx_word' id='word_1_236' title='bbox 652 2679 781 2719; x_wconf 78' lang='lat' dir='ltr'><strong>caussam</strong></span> <span class='ocrx_word' id='word_1_237' title='bbox 809 2682 924 2722; x_wconf 82' lang='lat' dir='ltr'><strong>rrecessc</strong></span> <span class='ocrx_word' id='word_1_238' title='bbox 950 2676 1010 2723; x_wconf 83' lang='lat' dir='ltr'><strong>crat</strong></span> <span class='ocrx_word' id='word_1_239' title='bbox 1035 2665 1090 2734; x_wconf 84' lang='lat' dir='ltr'><strong>hoc</strong></span> <span class='ocrx_word' id='word_1_240' title='bbox 1116 2687 1181 2741; x_wconf 90' lang='lat' dir='ltr'><strong>pro-</strong></span> 
     </span>
     <span class='ocr_line' id='line_1_28' title="bbox 143 2745 1181 2824; baseline 0.01 -23"><span class='ocrx_word' id='word_1_241' title='bbox 143 2765 248 2803; x_wconf 86' lang='lat' dir='ltr'><strong>nomen</strong></span> <span class='ocrx_word' id='word_1_242' title='bbox 270 2745 440 2818; x_wconf 85' lang='lat' dir='ltr'><strong>quibusdam</strong></span> <span class='ocrx_word' id='word_1_243' title='bbox 461 2745 530 2802; x_wconf 86' lang='lat' dir='ltr'><strong>locis</strong></span> <span class='ocrx_word' id='word_1_244' title='bbox 550 2745 636 2802; x_wconf 84' lang='lat' dir='ltr'><strong>etiam</strong></span> <span class='ocrx_word' id='word_1_245' title='bbox 658 2763 723 2802; x_wconf 87' lang='lat' dir='ltr'><strong>cnm</strong></span> <span class='ocrx_word' id='word_1_246' title='bbox 743 2749 894 2821; x_wconf 79' lang='lat' dir='ltr'><strong>negatione</strong></span> <span class='ocrx_word' id='word_1_247' title='bbox 915 2751 978 2808; x_wconf 84' lang='lat' dir='ltr'><strong>sive</strong></span> <span class='ocrx_word' id='word_1_248' title='bbox 999 2762 1094 2824; x_wconf 84' lang='lat' dir='ltr'><strong>aperta</strong></span> <span class='ocrx_word' id='word_1_249' title='bbox 1118 2753 1181 2811; x_wconf 83' lang='lat' dir='ltr'><strong>siva</strong></span> 
     </span>
     <span class='ocr_line' id='line_1_29' title="bbox 143 2825 1180 2910; baseline 0.005 -23"><span class='ocrx_word' id='word_1_250' title='bbox 143 2840 215 2888; x_wconf 80' lang='lat' dir='ltr'><strong>tecta</strong></span> <span class='ocrx_word' id='word_1_251' title='bbox 236 2831 381 2904; x_wconf 74' lang='lat' dir='ltr'><strong>coniungi.</strong></span> <span class='ocrx_word' id='word_1_252' title='bbox 423 2829 460 2886; x_wconf 87' lang='lat' dir='ltr'><strong>ci.</strong></span> <span class='ocrx_word' id='word_1_253' title='bbox 483 2829 533 2887; x_wconf 80' lang='lat' dir='ltr'><strong>tib.</strong></span> <span class='ocrx_word' id='word_1_254' title='bbox 555 2825 597 2886; x_wconf 89' lang='lat' dir='ltr'><strong>ad</strong></span> <span class='ocrx_word' id='word_1_255' title='bbox 611 2827 743 2888; x_wconf 77' lang='lat' dir='ltr'><strong>Hennam.</strong></span> <span class='ocrx_word' id='word_1_256' title='bbox 766 2831 799 2888; x_wconf 62' lang='lat' dir='ltr'><strong>i„</strong></span> <span class='ocrx_word' id='word_1_257' title='bbox 813 2851 837 2890; x_wconf 92' lang='lat' dir='ltr'><strong>c.</strong></span> <span class='ocrx_word' id='word_1_258' title='bbox 856 2837 905 2890; x_wconf 89' lang='lat'><strong>11.</strong></span> <span class='ocrx_word' id='word_1_259' title='bbox 929 2837 960 2910; x_wconf 56' lang='grc' dir='ltr'><strong>ᾗ.</strong></span> <span class='ocrx_word' id='word_1_260' title='bbox 979 2842 1029 2894; x_wconf 71' lang='grc'><strong>20.</strong></span> <span class='ocrx_word' id='word_1_261' title='bbox 1052 2857 1092 2893; x_wconf 79' lang='lat' dir='ltr'><strong>cx</strong></span> <span class='ocrx_word' id='word_1_262' title='bbox 1112 2857 1180 2894; x_wconf 85' lang='lat' dir='ltr'><strong>cau·</strong></span> 
     </span>
     <span class='ocr_line' id='line_1_30' title="bbox 143 2911 1182 2987; baseline 0.005 -15"><span class='ocrx_word' id='word_1_263' title='bbox 143 2916 245 2972; x_wconf 81' lang='lat' dir='ltr'><strong>trariis</strong></span> <span class='ocrx_word' id='word_1_264' title='bbox 271 2911 381 2987; x_wconf 77' lang='lat' dir='ltr'><strong>legibus</strong></span> <span class='ocrx_word' id='word_1_265' title='bbox 404 2915 597 2971; x_wconf 72' lang='lat' dir='ltr'><strong>controuersia</strong></span> <span class='ocrx_word' id='word_1_266' title='bbox 620 2927 747 2986; x_wconf 74' lang='lat' dir='ltr'><strong>oonsiat,</strong></span> <span class='ocrx_word' id='word_1_267' title='bbox 775 2935 840 2973; x_wconf 86' lang='lat' dir='ltr'><strong>cura</strong></span> <span class='ocrx_word' id='word_1_268' title='bbox 864 2915 927 2975; x_wconf 78' lang='lat' dir='ltr'><strong>niia</strong></span> <span class='ocrx_word' id='word_1_269' title='bbox 953 2917 1005 2976; x_wconf 81' lang='lat' dir='ltr'><strong>lex</strong></span> <span class='ocrx_word' id='word_1_270' title='bbox 1032 2917 1109 2977; x_wconf 79' lang='lat' dir='ltr'><strong>iubet</strong></span> <span class='ocrx_word' id='word_1_271' title='bbox 1129 2931 1182 2978; x_wconf 80' lang='lat' dir='ltr'><strong>am</strong></span> 
     </span>
     <span class='ocr_line' id='line_1_31' title="bbox 137 2995 1267 3079; baseline 0.009 -26"><span class='ocrx_word' id='word_1_272' title='bbox 137 3000 297 3074; x_wconf 66' lang='lat' dir='ltr'><strong>permittit,</strong></span> <span class='ocrx_word' id='word_1_273' title='bbox 325 2997 387 3054; x_wconf 87' lang='lat' dir='ltr'><strong>alia</strong></span> <span class='ocrx_word' id='word_1_274' title='bbox 415 3011 489 3058; x_wconf 78' lang='lat' dir='ltr'><strong>natat</strong></span> <span class='ocrx_word' id='word_1_275' title='bbox 515 2995 664 3075; x_wconf 78' lang='lat' dir='ltr'><strong>quidpiam</strong></span> <span class='ocrx_word' id='word_1_276' title='bbox 681 2999 785 3074; x_wconf 67' lang='lat' dir='ltr'><strong>fieri,</strong></span> <span class='ocrx_word' id='word_1_277' title='bbox 808 3000 857 3058; x_wconf 83' lang='lat' dir='ltr'><strong>ubi</strong></span> <span class='ocrx_word' id='word_1_278' title='bbox 878 3003 903 3059; x_wconf 87' lang='lat' dir='ltr'><strong>si</strong></span> <span class='ocrx_word' id='word_1_279' title='bbox 925 3003 1045 3062; x_wconf 82' lang='lat' dir='ltr'><strong>dixisset</strong></span> <span class='ocrx_word' id='word_1_280' title='bbox 1065 3006 1183 3079; x_wconf 75' lang='lat' dir='ltr'><strong>scriptor</strong></span> <span class='ocrx_word' id='word_1_281' title='bbox 1265 3041 1267 3044; x_wconf 95' lang='lat'>·</span> 
     </span>
     <span class='ocr_line' id='line_1_32' title="bbox 144 3079 1183 3164; baseline 0.008 -24"><span class='ocrx_word' id='word_1_282' title='bbox 144 3080 312 3164; x_wconf 76' lang='lat' dir='ltr'><strong>quidquam,</strong></span> <span class='ocrx_word' id='word_1_283' title='bbox 334 3082 428 3140; x_wconf 85' lang='lat' dir='ltr'><strong>omnis</strong></span> <span class='ocrx_word' id='word_1_284' title='bbox 448 3082 587 3139; x_wconf 83' lang='lat' dir='ltr'><strong>sententia</strong></span> <span class='ocrx_word' id='word_1_285' title='bbox 615 3079 767 3157; x_wconf 78' lang='lat' dir='ltr'><strong>deperiret.</strong></span> <span class='ocrx_word' id='word_1_286' title='bbox 810 3103 905 3159; x_wconf 79' lang='lat' dir='ltr'><strong>nequa</strong></span> <span class='ocrx_word' id='word_1_287' title='bbox 931 3088 1008 3144; x_wconf 78' lang='lat' dir='ltr'><strong>enim</strong></span> <span class='ocrx_word' id='word_1_288' title='bbox 1040 3088 1123 3162; x_wconf 82' lang='lat' dir='ltr'><strong>volt,</strong></span> <span class='ocrx_word' id='word_1_289' title='bbox 1150 3099 1183 3148; x_wconf 78' lang='lat' dir='ltr'><strong>nt</strong></span> 
     </span>
     <span class='ocr_line' id='line_1_33' title="bbox 104 3160 1182 3246; baseline 0.006 -23"><span class='ocrx_word' id='word_1_290' title='bbox 104 3195 113 3204; x_wconf 30' lang='grc' dir='ltr'>κ</span> <span class='ocrx_word' id='word_1_291' title='bbox 144 3165 218 3236; x_wconf 80' lang='lat' dir='ltr'><strong>nihil</strong></span> <span class='ocrx_word' id='word_1_292' title='bbox 231 3165 292 3240; x_wconf 84' lang='lat' dir='ltr'><strong>fiat,</strong></span> <span class='ocrx_word' id='word_1_293' title='bbox 313 3163 380 3224; x_wconf 82' lang='lat' dir='ltr'><strong>drns</strong></span> <span class='ocrx_word' id='word_1_294' title='bbox 394 3160 651 3240; x_wconf 77' lang='lat' dir='ltr'><strong>uiodtsgesclwltcu</strong></span> <span class='ocrx_word' id='word_1_295' title='bbox 661 3164 727 3237; x_wconf 84' lang='lat' dir='ltr'><strong>soll,</strong></span> <span class='ocrx_word' id='word_1_296' title='bbox 748 3186 850 3226; x_wconf 80' lang='lat' dir='ltr'><strong>rernm</strong></span> <span class='ocrx_word' id='word_1_297' title='bbox 862 3181 891 3228; x_wconf 93' lang='lat' dir='ltr'><strong>nt</strong></span> <span class='ocrx_word' id='word_1_298' title='bbox 903 3179 1010 3240; x_wconf 77' lang='lat' dir='ltr'><strong>certina</strong></span> <span class='ocrx_word' id='word_1_299' title='bbox 1027 3171 1182 3246; x_wconf 83' lang='lat' dir='ltr'><strong>quoddam,</strong></span> 
     </span>
     <span class='ocr_line' id='line_1_34' title="bbox 145 3249 1184 3331; baseline 0.003 -18"><span class='ocrx_word' id='word_1_300' title='bbox 145 3255 223 3331; x_wconf 86' lang='lat' dir='ltr'><strong>qnod</strong></span> <span class='ocrx_word' id='word_1_301' title='bbox 245 3271 296 3328; x_wconf 85' lang='lat' dir='ltr'><strong>pro</strong></span> <span class='ocrx_word' id='word_1_302' title='bbox 317 3251 452 3326; x_wconf 82' lang='lat' dir='ltr'><strong>exemplo</strong></span> <span class='ocrx_word' id='word_1_303' title='bbox 473 3253 605 3321; x_wconf 85' lang='lat' dir='ltr'><strong>sumitur,</strong></span> <span class='ocrx_word' id='word_1_304' title='bbox 627 3249 740 3309; x_wconf 83' lang='lat' dir='ltr'><strong>nefiat:</strong></span> <span class='ocrx_word' id='word_1_305' title='bbox 754 3249 822 3310; x_wconf 87' lang='lat' dir='ltr'><strong>dass</strong></span> <span class='ocrx_word' id='word_1_306' title='bbox 838 3257 885 3312; x_wconf 79' lang='lat' dir='ltr'><strong>ain</strong></span> <span class='ocrx_word' id='word_1_307' title='bbox 905 3253 1184 3316; x_wconf 79' lang='lat' dir='ltr'><strong>bestimmtcsEtwas</strong></span> 
     </span>
     <span class='ocr_line' id='line_1_35' title="bbox 144 3329 1184 3416; baseline 0.002 -17"><span class='ocrx_word' id='word_1_308' title='bbox 144 3336 225 3399; x_wconf 80' lang='lat' dir='ltr'><strong>nicia</strong></span> <span class='ocrx_word' id='word_1_309' title='bbox 252 3333 402 3412; x_wconf 78' lang='lat' dir='ltr'><strong>gescdiilrc.</strong></span> <span class='ocrx_word' id='word_1_310' title='bbox 445 3329 496 3397; x_wconf 79' lang='lat' dir='ltr'><strong>lib.</strong></span> <span class='ocrx_word' id='word_1_311' title='bbox 519 3333 558 3394; x_wconf 87' lang='lat' dir='ltr'><strong>ll.</strong></span> <span class='ocrx_word' id='word_1_312' title='bbox 586 3353 611 3392; x_wconf 86' lang='lat' dir='ltr'><strong>c.</strong></span> <span class='ocrx_word' id='word_1_313' title='bbox 634 3341 665 3393; x_wconf 89' lang='lat'><strong>7.</strong></span> <span class='ocrx_word' id='word_1_314' title='bbox 696 3337 728 3410; x_wconf 58' lang='grc' dir='ltr'><strong>ᾗ.</strong></span> <span class='ocrx_word' id='word_1_315' title='bbox 754 3343 803 3396; x_wconf 90' lang='grc'><strong>11.</strong></span> <span class='ocrx_word' id='word_1_316' title='bbox 832 3353 934 3398; x_wconf 83' lang='lat' dir='ltr'><strong>contra</strong></span> <span class='ocrx_word' id='word_1_317' title='bbox 960 3356 1130 3416; x_wconf 79' lang='lat' dir='ltr'><strong>arguuunta</strong></span> <span class='ocrx_word' id='word_1_318' title='bbox 1156 3355 1184 3400; x_wconf 81' lang='lat' dir='ltr'><strong>ct</strong></span> 
     </span>
     <span class='ocr_line' id='line_1_36' title="bbox 144 3415 1184 3498; baseline 0.003 -16"><span class='ocrx_word' id='word_1_319' title='bbox 144 3428 230 3498; x_wconf 82' lang='lat' dir='ltr'><strong>sigua</strong></span> <span class='ocrx_word' id='word_1_320' title='bbox 258 3437 287 3482; x_wconf 78' lang='lat' dir='ltr'><strong>ct</strong></span> <span class='ocrx_word' id='word_1_321' title='bbox 310 3436 417 3482; x_wconf 79' lang='lat' dir='ltr'><strong>cnorns</strong></span> <span class='ocrx_word' id='word_1_322' title='bbox 441 3422 615 3496; x_wconf 76' lang='lat' dir='ltr'><strong>suspiciones</strong></span> <span class='ocrx_word' id='word_1_323' title='bbox 640 3415 760 3480; x_wconf 80' lang='lat' dir='ltr'><strong>dicimus</strong></span> <span class='ocrx_word' id='word_1_324' title='bbox 789 3417 845 3481; x_wconf 78' lang='lat' dir='ltr'><strong>doc</strong></span> <span class='ocrx_word' id='word_1_325' title='bbox 864 3422 964 3483; x_wconf 85' lang='lat' dir='ltr'><strong>modo:</strong></span> <span class='ocrx_word' id='word_1_326' title='bbox 985 3428 1012 3482; x_wconf 84' lang='lat' dir='ltr'><strong>si</strong></span> <span class='ocrx_word' id='word_1_327' title='bbox 1032 3457 1075 3470; x_wconf 89' lang='grc'>-</span> <span class='ocrx_word' id='word_1_328' title='bbox 1094 3446 1184 3485; x_wconf 89' lang='lat' dir='ltr'><strong>unam</strong></span> 
     </span>
     <span class='ocr_line' id='line_1_37' title="bbox 145 3501 1185 3587; baseline 0.004 -23"><span class='ocrx_word' id='word_1_329' title='bbox 145 3527 286 3587; x_wconf 73' lang='lat' dir='ltr'><strong>quamquo</strong></span> <span class='ocrx_word' id='word_1_330' title='bbox 310 3510 499 3582; x_wconf 67' lang='lat' dir='ltr'><strong>suspicionem</strong></span> <span class='ocrx_word' id='word_1_331' title='bbox 526 3501 761 3576; x_wconf 79' lang='lat' dir='ltr'><strong>extenuabimus,</strong></span> <span class='ocrx_word' id='word_1_332' title='bbox 787 3517 814 3562; x_wconf 84' lang='lat' dir='ltr'><strong>nt</strong></span> <span class='ocrx_word' id='word_1_333' title='bbox 836 3503 969 3568; x_wconf 76' lang='lat' dir='ltr'><strong>dabimus</strong></span> <span class='ocrx_word' id='word_1_334' title='bbox 990 3502 1123 3582; x_wconf 79' lang='lat' dir='ltr'><strong>operam,</strong></span> <span class='ocrx_word' id='word_1_335' title='bbox 1151 3523 1185 3568; x_wconf 87' lang='lat' dir='ltr'><strong>ut</strong></span> 
     </span>
     <span class='ocr_line' id='line_1_38' title="bbox 146 3587 1184 3675; baseline 0.001 -25"><span class='ocrx_word' id='word_1_336' title='bbox 146 3587 327 3655; x_wconf 73' lang='lat' dir='ltr'><strong>ostendamus</strong></span> <span class='ocrx_word' id='word_1_337' title='bbox 347 3587 440 3650; x_wconf 86' lang='lat' dir='ltr'><strong>nilu&#39;lo</strong></span> <span class='ocrx_word' id='word_1_338' title='bbox 461 3594 554 3665; x_wconf 84' lang='lat' dir='ltr'><strong>magis</strong></span> <span class='ocrx_word' id='word_1_339' title='bbox 573 3593 607 3648; x_wconf 86' lang='lat' dir='ltr'><strong>in</strong></span> <span class='ocrx_word' id='word_1_340' title='bbox 626 3611 679 3648; x_wconf 87' lang='lat' dir='ltr'><strong>nos</strong></span> <span class='ocrx_word' id='word_1_341' title='bbox 699 3609 762 3650; x_wconf 62' lang='lat' dir='ltr'><strong>crura</strong></span> <span class='ocrx_word' id='word_1_342' title='bbox 779 3594 908 3675; x_wconf 76' lang='lat' dir='ltr'><strong>quamius</strong></span> <span class='ocrx_word' id='word_1_343' title='bbox 921 3589 1012 3650; x_wconf 73' lang='lat' dir='ltr'><strong>alienu</strong></span> <span class='ocrx_word' id='word_1_344' title='bbox 1023 3597 1184 3671; x_wconf 79' lang='lat' dir='ltr'><strong>quampiam</strong></span> 
     </span>
     <span class='ocr_line' id='line_1_39' title="bbox 144 3675 1186 3755; baseline 0.002 -22"><span class='ocrx_word' id='word_1_345' title='bbox 144 3679 315 3753; x_wconf 76' lang='lat' dir='ltr'><strong>conamina,</strong></span> <span class='ocrx_word' id='word_1_346' title='bbox 336 3675 386 3733; x_wconf 86' lang='lat' dir='ltr'><strong>nbi</strong></span> <span class='ocrx_word' id='word_1_347' title='bbox 407 3677 542 3749; x_wconf 82' lang='lat' dir='ltr'><strong>quoniam</strong></span> <span class='ocrx_word' id='word_1_348' title='bbox 564 3677 593 3732; x_wconf 89' lang='lat' dir='ltr'><strong>in</strong></span> <span class='ocrx_word' id='word_1_349' title='bbox 615 3676 677 3748; x_wconf 88' lang='lat' dir='ltr'><strong>ipsa</strong></span> <span class='ocrx_word' id='word_1_350' title='bbox 698 3677 807 3734; x_wconf 81' lang='lat' dir='ltr'><strong>actione</strong></span> <span class='ocrx_word' id='word_1_351' title='bbox 827 3699 879 3753; x_wconf 89' lang='lat' dir='ltr'><strong>pro</strong></span> <span class='ocrx_word' id='word_1_352' title='bbox 900 3679 1068 3754; x_wconf 80' lang='lat' dir='ltr'><strong>pronomine</strong></span> <span class='ocrx_word' id='word_1_353' title='bbox 1088 3699 1186 3755; x_wconf 78' lang='lat' dir='ltr'><strong>qram-</strong></span> 
     </span>
     <span class='ocr_line' id='line_1_40' title="bbox 139 3760 1185 3842; baseline 0.003 -26"><span class='ocrx_word' id='word_1_354' title='bbox 139 3763 344 3835; x_wconf 83' lang='lat' dir='ltr'><strong>pinmcartnm</strong></span> <span class='ocrx_word' id='word_1_355' title='bbox 357 3779 495 3834; x_wconf 78' lang='lat' dir='ltr'><strong>personas</strong></span> <span class='ocrx_word' id='word_1_356' title='bbox 517 3779 621 3816; x_wconf 82' lang='lat' dir='ltr'><strong>noman</strong></span> <span class='ocrx_word' id='word_1_357' title='bbox 644 3760 807 3834; x_wconf 81' lang='lat' dir='ltr'><strong>ponendum</strong></span> <span class='ocrx_word' id='word_1_358' title='bbox 829 3774 882 3835; x_wconf 77' lang='lat' dir='ltr'><strong>est,</strong></span> <span class='ocrx_word' id='word_1_359' title='bbox 904 3763 1067 3838; x_wconf 82' lang='lat' dir='ltr'><strong>non&#39;potnit&#39;</strong></span> <span class='ocrx_word' id='word_1_360' title='bbox 1084 3767 1185 3842; x_wconf 66' lang='lat' dir='ltr'><strong>&#39;quum-</strong></span> 
     </span>
    </p>
   </div>
   <div class='ocr_carea' id='block_1_7' title="bbox 46 3843 1186 3922">
    <p class='ocr_par' dir='ltr' id='par_1_8' title="bbox 46 3843 1186 3922">
     <span class='ocr_line' id='line_1_41' title="bbox 46 3843 1186 3922; baseline 0.009 -23"><span class='ocrx_word' id='word_1_361' title='bbox 46 3906 51 3916; x_wconf 44' lang='grc'><strong><em>,</em></strong></span> <span class='ocrx_word' id='word_1_362' title='bbox 146 3863 234 3922; x_wconf 66' lang='lat' dir='ltr'><strong>pram</strong></span> <span class='ocrx_word' id='word_1_363' title='bbox 254 3844 349 3902; x_wconf 86' lang='lat' dir='ltr'><strong>scribi.</strong></span> <span class='ocrx_word' id='word_1_364' title='bbox 392 3843 521 3904; x_wconf 80' lang='lat' dir='ltr'><strong>eiusdem</strong></span> <span class='ocrx_word' id='word_1_365' title='bbox 549 3844 615 3900; x_wconf 89' lang='lat' dir='ltr'><strong>libri</strong></span> <span class='ocrx_word' id='word_1_366' title='bbox 637 3864 660 3901; x_wconf 92' lang='lat' dir='ltr'><strong>c.</strong></span> <span class='ocrx_word' id='word_1_367' title='bbox 685 3852 713 3903; x_wconf 89' lang='lat'><strong>8.</strong></span> <span class='ocrx_word' id='word_1_368' title='bbox 737 3847 768 3920; x_wconf 58' lang='grc' dir='ltr'><strong>ᾗ.</strong></span> <span class='ocrx_word' id='word_1_369' title='bbox 794 3853 843 3906; x_wconf 72' lang='lat'><strong>12.</strong></span> <span class='ocrx_word' id='word_1_370' title='bbox 865 3851 892 3906; x_wconf 83' lang='lat' dir='ltr'><strong>si</strong></span> <span class='ocrx_word' id='word_1_371' title='bbox 911 3847 1036 3906; x_wconf 80' lang='lat' dir='ltr'><strong>dicantus</strong></span> <span class='ocrx_word' id='word_1_372' title='bbox 1055 3869 1186 3910; x_wconf 81' lang='lat' dir='ltr'><strong>oartssam</strong></span> 
     </span>
    </p>
   </div>
   <div class='ocr_carea' id='block_1_8' title="bbox 145 3927 1281 4250">
    <p class='ocr_par' dir='ltr' id='par_1_9' title="bbox 145 3927 1281 4250">
     <span class='ocr_line' id='line_1_42' title="bbox 145 3927 1185 4024; baseline 0.01 -40"><span class='ocrx_word' id='word_1_373' title='bbox 145 3947 205 3984; x_wconf 84' lang='lat' dir='ltr'><strong>nou</strong></span> <span class='ocrx_word' id='word_1_374' title='bbox 218 3927 320 4006; x_wconf 78' lang='lat' dir='ltr'><strong>fuisso</strong></span> <span class='ocrx_word' id='word_1_375' title='bbox 341 3947 431 4005; x_wconf 85' lang='lat' dir='ltr'><strong>quam</strong></span> <span class='ocrx_word' id='word_1_376' title='bbox 451 3929 594 4004; x_wconf 85' lang='lat' dir='ltr'><strong>quispiam</strong></span> <span class='ocrx_word' id='word_1_377' title='bbox 614 3931 788 4001; x_wconf 77' lang='lat' dir='ltr'><strong>contingeret</strong></span> <span class='ocrx_word' id='word_1_378' title='bbox 808 3944 836 3988; x_wconf 77' lang='lat' dir='ltr'><strong>os</strong></span> <span class='ocrx_word' id='word_1_379' title='bbox 850 3935 1113 4024; x_wconf 49' lang='lat' dir='ltr'><strong>cacuminisoorctur&#39;</strong></span> <span class='ocrx_word' id='word_1_380' title='bbox 1121 3947 1185 4008; x_wconf 76' lang='lat' dir='ltr'><strong>cta,</strong></span> 
     </span>
     <span class='ocr_line' id='line_1_43' title="bbox 146 4009 1184 4094; baseline 0.008 -24"><span class='ocrx_word' id='word_1_381' title='bbox 146 4011 196 4070; x_wconf 80' lang='lat' dir='ltr'><strong>ubi</strong></span> <span class='ocrx_word' id='word_1_382' title='bbox 218 4009 320 4068; x_wconf 77' lang='lat' dir='ltr'><strong>cadem</strong></span> <span class='ocrx_word' id='word_1_383' title='bbox 340 4012 412 4070; x_wconf 84' lang='lat' dir='ltr'><strong>ratio</strong></span> <span class='ocrx_word' id='word_1_384' title='bbox 433 4022 477 4070; x_wconf 86' lang='lat' dir='ltr'><strong>est</strong></span> <span class='ocrx_word' id='word_1_385' title='bbox 496 4009 583 4068; x_wconf 88' lang='lat' dir='ltr'><strong>huins</strong></span> <span class='ocrx_word' id='word_1_386' title='bbox 603 4013 789 4084; x_wconf 87' lang='lat' dir='ltr'><strong>pronominis.</strong></span> <span class='ocrx_word' id='word_1_387' title='bbox 832 4015 883 4074; x_wconf 89' lang='lat' dir='ltr'><strong>lib.</strong></span> <span class='ocrx_word' id='word_1_388' title='bbox 902 4018 938 4075; x_wconf 90' lang='grc' dir='ltr'><strong>ΙΙ.</strong></span> <span class='ocrx_word' id='word_1_389' title='bbox 962 4034 986 4075; x_wconf 86' lang='lat' dir='ltr'><strong>c.</strong></span> <span class='ocrx_word' id='word_1_390' title='bbox 1003 4024 1052 4078; x_wconf 72' lang='lat'><strong>27.</strong></span> <span class='ocrx_word' id='word_1_391' title='bbox 1077 4021 1110 4094; x_wconf 56' lang='grc' dir='ltr'><strong>ᾗ.</strong></span> <span class='ocrx_word' id='word_1_392' title='bbox 1133 4024 1184 4078; x_wconf 84' lang='grc'><strong>43.</strong></span> 
     </span>
     <span class='ocr_line' id='line_1_44' title="bbox 146 4089 1281 4182; baseline 0.005 -27"><span class='ocrx_word' id='word_1_393' title='bbox 146 4089 386 4155; x_wconf 73' lang='lat' dir='ltr'><strong>amsidcrandum</strong></span> <span class='ocrx_word' id='word_1_394' title='bbox 406 4107 457 4168; x_wconf 87' lang='lat' dir='ltr'><strong>cst,</strong></span> <span class='ocrx_word' id='word_1_395' title='bbox 478 4115 515 4156; x_wconf 84' lang='lat' dir='ltr'><strong>ua</strong></span> <span class='ocrx_word' id='word_1_396' title='bbox 535 4105 587 4152; x_wconf 77' lang='lat' dir='ltr'><strong>aut</strong></span> <span class='ocrx_word' id='word_1_397' title='bbox 607 4091 651 4152; x_wconf 88' lang='lat' dir='ltr'><strong>nd</strong></span> <span class='ocrx_word' id='word_1_398' title='bbox 667 4115 728 4153; x_wconf 82' lang='lat' dir='ltr'><strong>reru</strong></span> <span class='ocrx_word' id='word_1_399' title='bbox 743 4093 877 4158; x_wconf 75' lang='lat' dir='ltr'><strong>&#39;nddraur</strong></span> <span class='ocrx_word' id='word_1_400' title='bbox 891 4097 1024 4182; x_wconf 83' lang='lat' dir='ltr'><strong>quidam</strong></span> <span class='ocrx_word' id='word_1_401' title='bbox 1037 4100 1187 4180; x_wconf 82' lang='lat' dir='ltr'><strong>quidpiam</strong></span> <span class='ocrx_word' id='word_1_402' title='bbox 1277 4173 1281 4179; x_wconf 31' lang='grc' dir='ltr'><strong><em>Ι</em></strong></span> 
     </span>
     <span class='ocr_line' id='line_1_45' title="bbox 147 4175 1186 4250; baseline 0.008 -14"><span class='ocrx_word' id='word_1_403' title='bbox 147 4175 185 4247; x_wconf 77' lang='lat' dir='ltr'><strong>dc</strong></span> <span class='ocrx_word' id='word_1_404' title='bbox 202 4196 236 4237; x_wconf 80' lang='lat' dir='ltr'><strong>m</strong></span> <span class='ocrx_word' id='word_1_405' title='bbox 251 4175 425 4241; x_wconf 60' lang='lat' dir='ltr'><strong>&amp;tradam</strong></span> <span class='ocrx_word' id='word_1_406' title='bbox 436 4192 489 4240; x_wconf 84' lang='lat' dir='ltr'><strong>aut</strong></span> <span class='ocrx_word' id='word_1_407' title='bbox 499 4189 561 4246; x_wconf 81' lang='lat' dir='ltr'><strong>tota</strong></span> <span class='ocrx_word' id='word_1_408' title='bbox 574 4197 676 4247; x_wconf 85' lang='lat' dir='ltr'><strong>caussa</strong></span> <span class='ocrx_word' id='word_1_409' title='bbox 685 4191 797 4242; x_wconf 80' lang='lat' dir='ltr'><strong>amata</strong></span> <span class='ocrx_word' id='word_1_410' title='bbox 809 4186 841 4244; x_wconf 78' lang='lat' dir='ltr'><strong>in</strong></span> <span class='ocrx_word' id='word_1_411' title='bbox 850 4185 942 4248; x_wconf 74' lang='lat' dir='ltr'><strong>aliam</strong></span> <span class='ocrx_word' id='word_1_412' title='bbox 957 4205 1089 4250; x_wconf 77' lang='lat' dir='ltr'><strong>mussan</strong></span> <span class='ocrx_word' id='word_1_413' title='bbox 1109 4183 1186 4244; x_wconf 73' lang='lat' dir='ltr'><strong>dort-</strong></span> 
     </span>
    </p>
   </div>
   <div class='ocr_carea' id='block_1_9' title="bbox 0 0 1444 4940">
    <p class='ocr_par' dir='ltr' id='par_1_10' title="bbox 0 0 1444 4940">
     <span class='ocr_line' id='line_1_46' title="bbox 0 0 1444 4940; baseline 0 0"><span class='ocrx_word' id='word_1_414' title='bbox 0 0 1444 4940; x_wconf 95' lang='lat' dir='ltr'><strong> </strong></span> 
     </span>
    </p>
   </div>
  </div>
 </body>
</html>
