2868 4958
242 310 283 376 ¹8
614 301 934 372 LAELiUS
1241 313 1249 320 “
1409 337 1411 442 4

241 501 373 592 Itaque
399 499 468 568 hac
495 495 651 568 amentia
667 495 878 589 quaestione
894 517 992 566 nova
1018 497 1230 588 perterritus
1250 499 1293 567 in

240 602 370 672 Asiam
395 600 573 690 profugit,
601 600 648 669 ad
674 599 789 668 hostis
811 621 851 666 so
872 599 1039 684 contulit,
1066 621 1204 696 poenas
1230 603 1294 670 rei

240 703 407 794 publicae
439 702 563 793 gravis
602 697 788 792 iustasque
825 700 1007 790 persolvit.
1084 699 1195 771 Nulla
1228 715 1292 772 est
1354 742 1356 753 ι

240 807 349 896 igitur
375 803 563 876 excusatio
588 802 746 891 peccanti,
774 802 805 870 si
831 801 937 871 amici
953 824 1084 872 caussa
1108 824 1291 900 peceave-

240 909 307 976 ris:
336 927 419 974 nam
441 925 531 973 cum·
544 901 772 972 conciliatrix
799 902 976 972 ennicitiae
992 904 1134 973 virtutis
1161 906 1288 994 opinio

238 1008 365 1091 fuerit,
393 995 539 1075 difficile
567 1011 622 1074 est
648 1004 839 1100 amicitiam
866 1025 1030 1089 ittanere,
1059 1005 1090 1073 si
1113 1007 1288 1075 avictute

150 1161 152 1167 -
239 1108 429 1179 defeceris.
507 1105 570 1194 38„
602 1104 713 1182 (duod
746 1105 778 1176 si
802 1114 939 1174 rectum
965 1107 1197 1176 statuerimus
1224 1109 1288 1176 vei

239 1210 438 1280 concedere
465 1207 590 1278 amicis
609 1207 781 1298 quidquid
806 1204 918 1276 velint
935 1208 994 1276 vei
1020 1207 1213 1295 impetrare
1235 1211 1286 1280 ab

239 1313 292 1380 eis
319 1310 492 1408 quidquid
514 1310 687 1396 velimus3
712 1309 875 1399 perfecta
900 1309 1077 1398 sapientia
1092 1303 1222 1394 simus,
1249 1311 1286 1379 si

238 1403 326 1481 nihil
353 1403 485 1481 lrabeat
511 1433 570 1506 res
596 1409 677 1479 viti:
706 1410 772 1478 sed
796 1409 976 1499 loquimur
1001 1410 1046 1479 do
1072 1409 1116 1478 iis
1143 1409 1284 1498 amieis,

239 1515 411 1604 quiante
443 1513 569 1582 oculos
595 1503 696 1596 sunt,
731 1531 822 1602 (lues
855 1511 1012 1581 vidimus
1045 1519 1106 1578 aut
1133 1513 1180 1580 de
1204 1513 1284 1602 qui·

238 1617 305 1684 bus
332 1607 540 1684 memoriam
565 1607 796 1702 accepimus,
831 1635 923 1704 quos
955 1612 1056 1681 novit
1082 1612 1158 1681 vita
1184 1635 1282 1681 com·
1356 1613 1366 1624 '

237 1717 365 1785 munis·
424 1714 485 1785 Ex
510 1715 579 1783 hoc
604 1737 754 1784 numero
782 1715 885 1783 nobis
901 1714 1078 1806 ⁸enernpia
1104 1717 1284 1784 sumenda

237 1823 321 1886 sunt
346 1824 381 1886 et
406 1837 532 1884 eorum
550 1816 701 1906 quidem·¹
718 1817 893 1900 manime,
921 1817 981 1906 qui
997 1816 1042 1883 ad
1065 1816 1280 1905 sapientiam

237 1918 401 2007 proxime
428 1919 614 1987 accedunt.
693 1915 753 1986 39.
787 1915 964 1986 Videmus
989 1915 1131 2006 Papum
1153 1915 1292 1995 Aemi-2.

235 2005 323 2088 iiu'm
351 2015 393 2088 Ο.
409 2017 570 2088 Luscino
596 2017 812 2088 familiarem
837 2019 951 2087 fnisse
969 2046 1023 2070 -·
1040 2019 1093 2086 sic
1120 2041 1142 2087 a
1167 2018 1277 2107 patri·
1319 2101 1322 2108 Δ

235 2124 302 2189 bus
329 2122 534 2210 accepimus
567 2160 616 2170 -
652 2121 708 2188 bis
736 2108 818 2196 untt‘
837 2119 1024 2203 consules,
1052 2120 1212 2210 collegas
1239 2121 1277 2188 in

234 2241 406 2308 censura3
440 2228 514 2289 tum
541 2227 577 2289 et
603 2239 685 2289 cum
709 2221 755 2290 iis
782 2227 817 2290 et
842 2221 936 2289 inter
961 2242 1002 2290 se.
1029 2219 1276 2290 coniunctissi-

232 2321 453 2392 messuisse
486 2319 549 2391 Μ’.
579 2319 729 2390 Curium
755 2321 816 2392 Ti.
844 2319 1114 2411 Coruncanium
1140 2343 1275 2392 memo·

232 2425 309 2509 riae
341 2424 522 2514 proditum
549 2428 615 2492 est.
691 2422 810 2514 igitur
841 2445 887 2492 nc
920 2423 1097 2512 suspicari
1130 2424 1275 2512 quidem

230 2545 423 2614 possumus
455 2542 667 2616 quemquam
697 2523 830 2605 ‚horum
863 2527 908 2594 ab
942 2525 1058 2594 amico
1089 2525 1275 2617 quidpiam

230 2627 477 2712 contendisse,
505 2628 602 2718 quod
629 2632 754 2695 contra
778 2626 904 2714 fidem,
932 2619 1058 2696 eontra
1079 2627 1135 2695 ius
1154 2627 1274 2695 iuretu-

52 2785 62 2805 χ
124 2782 129 2786 .
229 2729 331 2814 dum,
365 2734 493 2800 contro
524 2751 600 2797 rem
626 2728 812 2818 publicam
832 2736 940 2798 esset.
991 2749 1076 2797 narn
1101 2726 1171 2796 hoc
1197 2728 1275 2820 qui·

229 2829 310 2897 dem
336 2830 374 2896 in
392 2831 523 2912 talibus
544 2829 633 2898 viris
649 2830 735 2920 quid
761 2830 886 2898 attinet
903 2829 1041 2916 dicere,
1067 2829 1101 2913 si
1127 2838 1272 2898 eonten-

228 2926 357 3014 disset,
385 2931 660 3024 impetraturum
685 2952 759 2999 non
783 2919 916 3016 fuisse3
942 2953 1024 3000 cum
1050 2931 1102 2999 iiii
1121 2930 1273 3000 sanctis·

227 3031 309 3100 simi
335 3031 406 3099 viri
430 3032 582 3117 fuerint,
619 3053 733 3122 aeque
759 3038 881 3100 autem
906 3034 1010 3103 nefas
1036 3033 1082 3102 sit
1108 3032 1180 3100 tale
1207 3033 1282 3102 aii-,

225 3133 312 3223 quid
340 3140 375 3202 et
399 3134 524 3203 facere
548 3141 716 3224 rogatum
741 3138 779 3200 et
804 3131 958 3224 rogare?
1009 3134 1060 3204 At
1093 3154 1182 3202 vero
1209 3133 1269 3204 Ti.

227 3231 433 3304 Gracchum
473 3236 717 3327 sequebantur
757 3231 800 3304 Ο.
839 3231 973 3305 Carbo
1010 3233 1052 3305 C.
1094 3232 1187 3304 Cato
1234 3243 1270 3304 et
1342 3260 1344 3271 ¹

114 3373 115 3378 κ
226 3335 371 3403 minime
410 3342 495 3404 tunc
536 3336 681 3427 quidem
715 3332 827 3405 Gaius
866 3337 998 3424 frater,
1039 3359 1135 3406 nnnc
1175 3338 1268 3406 idem

226 3458 435 3506 acerrimus

315 3585 408 3658 XII.
435 3587 496 3660 40.
524 3585 627 3658 Haec
648 3588 757 3680 igitur
778 3589 839 3658 lex
854 3589 891 3658 in
906 3590 1064 3660 amicitia
1085 3579 1268 3660 sauciatur

224 3695 264 3757 ut
288 3711 406 3780 neque
428 3697 598 3782 rogemus
623 3713 682 3761 res
703 3691 816 3781 turpis
840 3714 908 3760 noc
934 3693 1111 3762 faciamus
1138 3695 1266 3784 rogati.

224 3789 363 3881 Turpis
395 3793 489 3862 enim
517 3793 705 3863 exornatio
743 3799 799 3862 est
824 3800 860 3862 et
885 3793 1030 3862 minime
1058 3795 1268 3885 accipienda

227 3949 530 3976 tufi—’‘⁸⁸⁶4—

307 4039 365 4100 xl.
395 4043 426 4116 ξ.
442 4049 493 4104 39.
528 4040 583 4104 Μ’.
605 4040 725 4104 Curium
747 4039 794 4104 Ti.
818 4041 1041 4126 Coruncanium]
1064 4044 1124 4106 Μ’.
1146 4047 1267 4106 Gnidum

212 4137 249 4218 ’et
274 4125 324 4186 Ti.
351 4127 574 4188 Coruncanium.
