2850 4940
118 3577 131 3604 l

261 323 748 484 ,concretiones
777 381 858 476 cap.
874 381 989 462 xv11.
1006 387 1042 475 e.
1058 387 1112 458 or.
1156 391 1218 460 tro

176 575 266 639 eidne-
309 572 414 634 deinde
435 591 487 648 pro
509 576 588 652 eques
608 573 829 638 tentreie-tunlti
846 577 1042 640 onoreoilloti
1054 590 1145 657 erent,
1167 580 1217 655 qui

176 661 253 730 inde·
264 661 319 720 orti
340 659 484 742 videntur,
506 659 758 739 qrtodentiquitns
772 655 946 726 scribebatur
958 667 1118 739 temptetis,
1140 666 1217 739 quod

176 740 243 804 dum
263 765 316 818 pro
331 743 508 817 compendio
530 743 611 802 verbi
631 749 804 818 tempectrrttb
824 745 993 822 baberetur,
1022 748 1058 806 eb
1079 749 1143 808 aliis
1164 749 1218 808 boc

177 842 220 888 est
242 839 387 902 receptum
415 828 554 898 librariis,
582 829 617 886 ob
647 829 727 900 eliis,
758 832 808 903 qtti
834 831 974 890 vidissent
1000 834 1127 905 ineptum
1154 853 1218 894 esee

176 913 251 974 benc
277 933 398 986 rocem,
426 914 570 984 scripturn
589 916 769 986 temperatis,
801 913 855 973 hoc
880 917 975 994 ipsum
995 916 1102 980 sectum
1124 929 1167 978 eet
1187 920 1218 976 iu

178 999 251 1056 libro
280 996 431 1070 Grndiorm,
461 996 510 1055 nbi
539 1017 604 1054 cum
629 999 754 1071 primurn
782 1000 916 1072 scriptum
945 1011 1020 1058 esset
1047 1005 1219 1082 tmpestrttis

178 1082 255 1140 idem
276 1081 409 1140 librarius
429 1081 459 1156 in
472 1083 610 1158 ,energiae
631 1081 803 1156 significavit
830 1082 884 1141 hoc
912 1085 1082 1148 mittendum
1102 1106 1166 1146 esse
1188 1089 1218 1144 io

177 1167 350 1239 tenererntio.
395 1166 491 1236 itetnte
512 1165 644 1224 videmus
665 1167 695 1234 iu
717 1166 782 1226 aliie
802 1167 898 1241 libris,
926 1188 1048 1241 quornm
1070 1172 1218 1244 scriptores

178 1250 256 1323 qtrod
277 1249 410 1324 legebant
431 1251 567 1322 scriptum
588 1249 757 1324 diligenter,
788 1248 909 1310 fortusse
929 1252 1002 1310 illud
1023 1254 1140 1326 quidem
1161 1275 1219 1313 nou

146 1379 148 1388 r
178 1333 365 1407 intellectum,
386 1335 417 1390 in
438 1352 523 1393 etrum
545 1333 670 1395 codicem
691 1336 906 1406 transtulerunt,
929 1339 1218 1411 ltositumtemptntio,

102 1493 107 1497 .
179 1429 211 1478 nt
238 1420 268 1477 in
295 1415 439 1486 Beroensi
466 1428 603 1491 utroque,
629 1419 661 1476 in
687 1419 769 1493 eliis,
804 1440 928 1493 quornm
948 1439 1006 1478 non
1026 1422 1220 1496 intelligentes

178 1513 309 1560 erectores
332 1500 456 1576 celerius
482 1521 543 1561 rem
571 1503 774 1579 absolvebant,
805 1505 941 1578 scriptum
971 1516 1014 1564 est
1034 1510 1218 1579 tempestatis,
1278 1509 1281 1522 '

178 1589 209 1644 in
232 1586 295 1643 eliis
308 1586 395 1644 libris
416 1585 580 1660 intelligens
595 1587 781 1668 librariorum
806 1588 943 1646 iudicium
969 1587 1023 1646 boc
1043 1592 1147 1648 vitium
1168 1612 1220 1648 uo·

181 1671 235 1729 luit
256 1671 435 1744 relinquere,
463 1672 560 1750 itoque
587 1691 629 1730 ex
655 1675 827 1744 tempestatis
854 1672 958 1730 factum
981 1683 1024 1732 eet
1044 1677 1244 1750 temperatio„

180 1755 263 1813 utin
286 1749 438 1827 Gudieiro,
469 1753 648 1828 Etinrteusi,
679 1753 808 1818 vindob,
833 1756 869 1814 ll.
913 1757 1120 1830 illudentem,
1143 1759 1220 1832 quod

179 1849 223 1898 eut
252 1839 282 1894 in
310 1838 497 1898 deterioribus
530 1838 611 1910 libris
638 1842 723 1916 requie
760 1861 810 1914 pro
846 1843 925 1917 equeb
958 1861 1015 1898 non
1047 1853 1091 1902 est
1117 1863 1220 1916 operae

180 1923 302 1997 pretium
323 1923 412 1983 verbo
434 1921 578 1998 refellere.
621 1923 746 1997 denique
767 1945 819 1998 pro
840 1925 956 1999 volgato
977 1928 1122 1999 arnieitir's,
1144 1927 1221 2000 qrtod

181 2017 260 2066 erant
283 2007 332 2080 qni
354 2027 470 2080 prorsus
491 2008 661 2076 eliciendum
683 2019 830 2080 putarent,
861 2011 971 2081 scripsi*
986 2012 1115 2074 mer'eitiu
1134 2011 1233 2084 idque

180 2094 352 2165 optimorum
384 2090 534 2164 liberorum„
555 2093 737 2176 euctoritote,
770 2094 813 2150 nti
845 2089 1036 2166 Ersnrtensiu,
1071 2091 1160 2152 Bern.
1182 2093 1220 2168 l.,

180 2174 271 2234 Bere.
283 2173 342 2247 ll.,'
358 2173 572 2235 oxoniensium
593 2187 739 2249 qurettnor,
761 2177 866 2250 quibus
887 2178 973 2234 etiem
987 2176 1139 2237 Gudianus
1150 2199 1223 2254 qno·

182 2259 246 2322 dero
269 2259 353 2318 modo
375 2259 491 2335 accedit,
514 2262 564 2333 qtti
585 2258 672 2318 habet
692 2263 847 2334 amicitiae,
870 2260 947 2334 qnod
968 2261 1080 2320 facilius
1098 2283 1138 2320 ex
1150 2266 1223 2322 umi-
1262 2281 1266 2289 “

180 2377 386 2451 citin·potuisse
398 2375 462 2434 fieri
474 2377 600 2452 videtur,
624 2387 653 2436 et
665 2374 747 2454 Aug.
761 2377 802 2455 1.,1
819 2379 848 2435 in
863 2399 920 2452 qno
934 2362 1077 2438 amicitiis
1088 2381 1223 2454 seriptum

182 2471 235 2520 est.
427 2467 431 2474 '
734 2469 737 2478 ⁴
1224 2469 1238 2498 ⁹

263 2559 387 2632 ibidem.
430 2558 550 2638 quidem
571 2551 692 2637 aretem,
705 2583 775 2642 quos
791 2579 889 2636 peren
909 2579 1019 2619 movete
1039 2582 1097 2621 eon
1113 2566 1224 2638 potuit,

182 2659 391 2720 cognoscuntur
416 2648 449 2702 in
475 2667 591 2719 magne.
635 2641 684 2704 Sic
710 2667 811 2704 orntres
836 2667 910 2720 pene
937 2644 1003 2703 libri
1030 2643 1106 2705 htttrc
1131 2649 1225 2706 locunt

176 2733 318 2807 ,scriptum
339 2729 456 2808 hebent,
479 2749 602 2803 qrtornm
622 2732 705 2804 pauci
727 2731 894 2804 perticulam
914 2743 1010 2787 eutem
1032 2734 1161 2790 omittere
1184 2735 1226 2790 vi·

100 2849 104 2856 ,
183 2815 308 2889 deutur,
330 2814 429 2888 optimi
450 2813 566 2887 quidem
588 2831 663 2873 certe
685 2812 801 2885 habent,
823 2813 1027 2889 ntGurlianuS,
1051 2813 1126 2892 Erf,
1149 2813 1227 2874 Vin·

184 2895 317 2973 dob.‘ll.,
339 2895 528 2968 Besileeusis,
550 2897 726 2972 Beruenses,
748 2895 801 2958 nec
822 2901 918 2956 miuus
939 2896 1068 2957 Vindob.
1081 2897 1117 2967 l.,
1142 2897 1225 2975 Artg.

182 2979 243 3058 ll.,
265 2981 411 3058 Gotting.,
433 2979 576 3056 Haenel.,
605 2981 792 3042 Oxonienses
821 3003 936 3058 omnes,
971 2981 1100 3058 plerique
1128 2981 1226 3060 Beieri

181 3067 259 3138 libri,
282 3087 380 3125 omnes
403 3063 575 3130 Geruherdi.
619 3087 672 3127 uec
694 3067 753 3125 nlla
773 3067 887 3126 videtur
900 3085 999 3124 cerussa
1011 3087 1085 3143 esse,
1109 3087 1160 3125 cnr
1174 3068 1227 3126 hoc

182 3146 246 3209 loeo
267 3147 337 3210 boec
359 3149 495 3225 particula
517 3149 700 3225 repudietur,
728 3172 815 3225 quem
849 3161 877 3209 et
906 3153 1005 3224 optimi
1033 3149 1098 3208 libri
1120 3163 1147 3210 et
1169 3173 1227 3220 ttrro

185 3254 323 3294 consensu
344 3255 445 3293 omines
468 3245 584 3294 tuentur
604 3243 701 3309 neque
723 3233 809 3294 luritts
830 3235 883 3294 loci
907 3237 1047 3294 sententie
1069 3237 1169 3294 reiicit.

269 3323 393 3394 Ibidem.
436 3331 579 3394 imbecille
610 3340 685 3393 eninr
713 3350 753 3394 est
784 3351 895 3394 nature
926 3333 969 3394 ad
996 3333 1229 3396 contemnendum

180 3422 350 3494 potentium.
401 3415 450 3477 Sic
482 3419 678 3492 Erirtrteusis,
712 3418 881 3492 Gudianus,
924 3421 1151 3480 vindobonensis
1176 3419 1229 3495 ll.,

187 3501 321 3579 Ang.I.,
344 3503 393 3561 elii
415 3500 578 3561 Gernherdi
600 3515 628 3562 et
646 3501 744 3560 Beieri
766 3503 843 3562 libri.
875 3503 924 3561 olii
946 3505 1003 3561 elio
1025 3505 1087 3562 loco
1109 3506 1230 3563 verbum
1275 3525 1276 3528 ’
1374 3577 1381 3587 ι

191 3589 402 3647 substantivum
419 3585 534 3659 hubent,
557 3609 614 3661 qne
633 3608 662 3646 re
684 3597 779 3646 temen
802 3589 855 3644 vix
875 3589 978 3660 poterit
1000 3587 1088 3660 effici,
1112 3587 1231 3666 utillud

186 3672 302 3731 aliunde
323 3667 638 3748 irrepsissejputemus,
657 3671 738 3752 ¹‹ntod
760 3671 938 3731 existimavit
951 3669 1086 3744 Beieruo,
1110 3673 1167 3729 imo
1185 3670 1250 3730 lrie'

149 3833 151 3837 ,
187 3757 258 3814 loeis
280 3759 361 3815 unice
381 3760 451 3832 ,tere
474 3759 545 3815 ratio
567 3777 666 3814 eorum
688 3767 743 3830 est,
765 3757 814 3830 qni
828 3757 1000 3834 optimorum
1014 3755 1231 3824 librortnucon-
1257 3776 1262 3779 ·

188 3860 305 3900 sensum
327 3840 506 3914 sequendum
528 3841 710 3901 arbitrantur.

274 3941 345 4000 lbid.
370 3943 402 4015 ᾗ.
426 3945 477 4000 64.
521 3939 571 3998 obt
589 3943 667 3998 euim
687 3944 772 3998 terrem
795 3940 922 3998 inueniret
933 3943 983 4016 qui
997 3935 1133 4008 borretum
1145 3942 1231 3998 notrici

187 4038 347 4098 ‹auteponut
368 4032 443 4084 stro?
487 4021 543 4082 Pro
571 4028 704 4084 iuuentae
723 4023 846 4082 Beierus
874 4044 913 4081 ex
940 4025 1064 4083 editione
1086 4036 1183 4084 vetere
1204 4034 1231 4082 et

189 4109 263 4170 libro
286 4109 369 4188 Lips.
392 4107 434 4172 Il.
457 4129 521 4184 cnm
545 4107 644 4184 tiybio
665 4108 753 4172 edidit
773 4111 906 4177 ienerties,
922 4109 1077 4183 uolgatum
1105 4110 1232 4164 incertius

188 4205 269 4254 retus
289 4213 351 4258 non
370 4196 523 4254 contenire
544 4194 759 4267 interrogationi
777 4189 839 4248 ulti.
873 4203 903 4250 et
925 4194 1010 4251 etiem
1032 4192 1057 4252 ei
1077 4190 1228 4258 liberAu-

945 4275 1030 4353 ‘12⁹
