2868 4958
254 365 297 489 m
362 359 442 395 ‘'
617 419 940 491 enectus

254 616 393 685 iecerat
418 611 647 686 Coriolanus.
713 611 771 686 his
804 613 961 685 adiutor.
987 618 1113 682 contra
1145 610 1302 702 patriam

255 717 421 786 inventus
454 725 509 788 est
540 737 666 786 nemo:
706 715 828 805 itaquo
859 715 929 786 sibi
961 719 1113 784 mortem
1147 719 1303 804 uterque

254 817 440 888 conscivit.
499 815 561 888 43.
589 817 675 894 (lua
692 839 731 884 re
747 816 828 886 talis
845 815 1089 912 improborum
1107 813 1302 884 consensio
1424 853 1425 862 κ

254 941 327 989 non
353 921 461 989 modo
484 919 721 1004 excusatione
748 917 926 998 rrrrricitiac
953 917 1110 1006 tegenda
1135 937 1206 985 nou
1231 923 1301 997 est,
1397 953 1401 960 ·

253 1022 321 1091 sed
345 1019 467 1110 potius
492 1018 667 1110 supplicio
695 1019 792 1088 omni
817 1018 1052 1102 vindicanda,
1079 1023 1119 1085 ut
1146 1037 1192 1084 ne
1217 1013 1302 1106 quis
1424 1041 1425 1050 ¹

254 1141 467 1191 concessum
493 1126 594 1210 putet
602 1168 614 1214 ,
648 1120 802 1189 amicum
828 1120 888 1188 vel
913 1118 1047 1188 bellum
1080 1117 1218 1207 patriae
1245 1117 1301 1183 in-

252 1222 431 1294 ferentem
457 1222 571 1314 sequi.
625 1220 736 1298 Quod
751 1220 907 1312 quidem,
933 1226 1059 1289 utres
1085 1218 1138 1288 iro
1165 1217 1300 1308 coepit,

254 1321 342 1394 haut
368 1321 444 1393 scio
470 1345 518 1393 an
543 1322 736 1413 aliquando
769 1323 931 1392 futurum
957 1319 1020 1389 sit:
1062 1319 1149 1388 nrilri
1175 1326 1302 1388 autem
1424 1403 1425 1412 ἵ

253 1440 327 1494 uon
353 1423 484 1494 minori
499 1445 608 1494 curae
624 1428 697 1509 est,
725 1422 842 1514 qualis
864 1422 1082 1512 respublica
1099 1429 1182 1510 post
1204 1441 1302 1489 mors

254 1532 328 1596 tem
355 1547 474 1596 meum
499 1527 622 1595 lutura
645 1525 710 1610 sit,
736 1545 843 1615 quam
863 1523 979 1613 qualis
1001 1521 1110 1592 hodie
1131 1522 1188 1592 sit.

343 1673 458 1746 XIII.
492 1672 553 1747 44.
595 1673 699 1744 Haec
735 1674 843 1766 igitur
875 1674 992 1766 prima
1023 1673 1087 1742 lex
1119 1669 1301 1742 amicitiae

254 1778 456 1863 sanciatur,
489 1785 529 1846 ut
555 1777 600 1846 ab
624 1777 749 1845 amicis
772 1777 922 1844 honesta
948 1783 1131 1866 petamus,
1165 1773 1302 1842 amico-
1424 1833 1425 1872 ἶ

253 1901 335 1949 rum
355 1899 487 1947 caussa
501 1877 654 1946 honesta
665 1878 862 1961 faciamus,
888 1899 934 1946 nc
950 1883 1201 1967 exspectemus
1221 1876 1300 1966 qui·

255 1981 354 2065 decu,
383 1981 466 2049 dum
493 1999 683 2070 rogemur;
715 1979 873 2048 studium
900 2000 1045 2068 semper
1070 1977 1176 2062 assit,
1213 1998 1300 2044 cun-

254 2081 364 2152 ctatio
392 2080 505 2166 absit,
532 2080 722 2149 consillum
738 2101 826 2148 vero
842 2078 930 2148 (lare
952 2080 1151 2148 audeamus
1172 2077 1298 2147 libere.

253 2183 447 2273 plurimum
473 2181 509 2250 in
537 2181 694 2250 amicitia
727 2182 925 2250 comicorum
953 2181 1044 2250 benc
1070 2179 1300 2250 suadentium

254 2284 378 2352 valeat
404 2282 621 2368 auctoritas,
650 2303 765 2374 eoque
781 2289 816 2351 et
837 2274 1053 2352 redhibeatur
1078 2282 1125 2350 ad
1151 2303 1297 2350 monen-

256 2385 340 2454 dum
366 2405 437 2452 non
465 2384 574 2454 modo
601 2390 742 2473 aperte,
776 2386 842 2453 sed
868 2383 977 2452 etiam
1003 2382 1153 2469 acriter,
1180 2382 1212 2452 si
1236 2404 1299 2453 res

254 2484 469 2577 postulabit,
497 2492 534 2554 et
560 2484 743 2555 adhibitae
769 2491 948 2575 pareatur.
1009 2480 1068 2558 45.
1102 2481 1197 2554 Nam
1221 2484 1297 2576 qui·

254 2588 408 2658 busdam
435 2608 526 2678 quos
552 2587 660 2655 erudio
688 2586 861 2676 sapientis
890 2585 1034 2655 habitos
1060 2585 1097 2654 in
1122 2581 1297 2668 Graecia,

255 2688 437 2780 placuisse
470 2689 599 2779 opinor
632 2688 808 2757 mirabilia
842 2687 1021 2778 quaedam
1041 2687 1177 2757 —seo
1210 2687 1297 2757 nitm

160 2847 162 2852 .
257 2798 313 2860 est
338 2791 434 2882 quod
449 2790 502 2859 illi
516 2812 587 2858 non
614 2795 876 2881 persequantur
896 2788 1060 2880 argutius
1073 2809 1141 2857 -t
1168 2789 1296 2879 partim

256 2891 450 2981 fugiendas
484 2913 565 2960 esse
597 2891 727 2961 nimias
760 2890 954 2975 amicitias,
987 2912 1034 2959 ne
1067 2911 1218 2959 necesse
1251 2893 1303 2982 sit,

256 3013 367 3061 unum
393 2991 584 3061 sollicitum
606 3013 691 3061 esse
713 3014 779 3083 pro
801 2990 983 3081 pluribus,
1008 2991 1097 3061 satis
1118 3013 1298 3082 superque

244 3093 340 3162 ”esse
366 3092 437 3162 sibi
461 3113 609 3162 suarum
632 3092 761 3185 cuique
787 3115 926 3178 rerum3
953 3092 1080 3162 alienis
1102 3092 1207 3162 nimis
1233 3095 1298 3162 im·

256 3193 384 3285 plicari
410 3193 600 3263 molestum
618 3214 716 3264 esse:
746 3195 1175 3264 commodissimum-esse
1190 3215 1297 3284 quemn

256 3294 464 3364 laxissimas
490 3293 652 3364 habenas
678 3293 814 3363 habere
831 3296 1028 3380 amicitiae,
1056 3316 1146 3386 quas
1161 3296 1221 3364 rel
1236 3296 1298 3364 ad·

257 3398 370 3465 (lucas
397 3417 477 3464 cum
499 3395 592 3466 velis
611 3395 671 3464 vel
697 3396 876 3484 remittas3
903 3402 1012 3486 caput
1033 3396 1126 3465 enim
1154 3419 1236 3466 esse
1251 3399 1297 3465 ael

259 3499 365 3566 beate
390 3497 585 3566 vivendum
609 3497 857 3582 securitatem,
891 3520 963 3589 qua
987 3497 1061 3568 frui
1085 3520 1158 3566 non
1186 3498 1301 3587 possit

258 3599 417 3685 animus,
444 3599 477 3668 si
503 3604 685 3690 tamquam
711 3599 887 3689 parturiat
912 3601 1005 3669 unus
1032 3621 1098 3690 pro
1123 3601 1298 3690 pluribus.

257 3699 317 3771 46.
344 3698 452 3770 Alios
470 3706 591 3770 autem
607 3700 729 3770 dicere
752 3699 852 3769 aiunt
874 3702 986 3771 multo
1004 3701 1112 3771 ctiam
1136 3699 1298 3770 inlmma·

268 4031 270 4038 ,
354 3981 429 4044 ΧΠ.
452 3987 551 4060 §.⁴2
600 3985 655 4043 sibi
676 3985 811 4065 mortem]
844 4000 963 4045 ruomcm
988 3981 1052 4042 sibi.
1106 3985 1138 4059 ἦ.
1157 3991 1208 4046 43.
1231 4006 1299 4061 serp·

258 4068 343 4144 plicio
364 4068 456 4148 omui]
480 4072 559 4127 cneori
576 4069 729 4144 supplicio.
772 4070 848 4148 Quis
859 4069 1036 4146 concessum]
1059 4072 1123 4146 quis
1135 4067 1213 4152 [sitit
1230 4092 1298 4128 coo·

258 4174 373 4212 cessum.
417 4152 576 4232 irecoepit]
599 4158 691 4228 coepit
706 4158 759 4213 irc.
803 4156 898 4230 §.l-i.
920 4154 1064 4232 neguitias]
1086 4158 1146 4213 seris
1163 4159 1296 4229 (cruceliis.

258 4239 311 4296 sibi
333 4257 450 4297 serarum
463 4239 577 4312 cuique]
599 4241 842 4316 sermuncuiquc.
