2850 4940
270 327 332 396 555
373 323 884 398 555555555555,
918 311 1202 414 oapxsss.

269 520 325 578 5115
352 519 450 579 subest
478 518 627 577 sententia.
662 514 708 575 1515
729 517 807 576 555155
828 537 886 575 non
913 517 1075 592 quaeritur,
1104 515 1173 590 quid
1195 517 1220 575 si
1242 519 1316 594 ami-

269 605 351 662 citia'e
377 607 489 674 iunctae
517 605 589 676 siut,
618 604 649 659 in
674 604 716 664 eis
742 604 877 660 vitiosum
907 621 971 670 esse
992 603 1141 674 videatur,
1170 602 1222 661 sed
1244 603 1316 676 quid

269 691 386 746 omuino
409 697 508 746 noceat
529 687 659 744 amicitiis
680 698 708 744 et
730 686 882 761 iungendis
904 697 932 744 et
953 688 1117 758 servandis3
1141 687 1239 758 itaque
1261 686 1316 743 hoc

269 773 332 831 loco
353 793 409 829 nou
433 782 542 846 poterat
563 770 616 828 dici
633 769 746 848 pestem
763 773 839 827 555155
850 766 962 826 nullum
973 773 1113 828 5555155555
1124 791 1181 827 csse
1191 774 1224 826 in
1240 775 1315 827 5551-

269 859 345 914 ciliis
367 853 417 933 (iu
438 853 501 914 det·
522 851 832 933 Frcundsclruft),
855 854 905 914 sed
921 855 1103 911 scribendum
1115 866 1191 912 erat:
1202 869 1313 926 postem

270 944 345 998 555155
366 938 477 998 nullmn
498 942 635 996 sicciorem
650 959 707 996 esse
723 940 857 996 amicitiis
870 935 961 1017 (fiir
981 935 1019 995 di
1024 959 1039 994 e
1059 933 1315 1018 Freundsclmji).

272 1023 435 1098 quodcum
456 1026 495 1081 ita
517 1025 554 1082 sit
561 1065 570 1095 ,
592 1022 642 1082 1115
663 1022 742 1082 locus
763 1043 850 1095 qrtern
871 1022 965 1080 attulit
987 1020 1118 1080 Orellins
1139 1043 1204 1079 cum
1220 1021 1316 1080 (515555-

271 1109 376 1177 bardo,
406 1106 478 1164 511511
510 1107 546 1165 ad
575 1107 756 1168 reiicicudam
783 1107 954 1180 optimorum
981 1105 1119 1172 librorum
1146 1108 1317 1180 scripturam
1404 1115 1405 1138 ³

272 1194 340 1250 sarit
360 1192 516 1266 probatque
538 1212 593 1248 nou
618 1202 674 1249 tam
697 1191 840 1264 exemplis
860 1192 929 1247 artis
950 1191 1060 1262 criticae
1080 1203 1232 1265 praecepta
1248 1211 1318 1248 con·
1404 1229 1405 1252 t

271 1276 411 1334 firtuauda
433 1295 513 1352 esse,
536 1297 622 1349 quiam
644 1277 753 1333 ratione
775 1294 807 1332 ac
826 1275 939 1332 liberali
960 1259 1074 1334 iudicio.

357 1361 428 1418 115151.
460 1363 493 1436 b.
516 1366 566 1419 35.
611 1359 730 1434 Magno
750 1355 1315 1452 551555511εοί555555155Ν55555555555

272 1448 363 1516 nasci,
385 1466 449 1504 cum
470 1441 585 1522 aliquid
603 1441 686 1521 quod
700 1457 809 1503 rectum
829 1464 888 1501 55555
901 1457 970 1502 esset
982 1442 1192 1518 postularetur,
1214 1459 1248 1502 555
1263 1459 1318 1502 nui

272 1526 410 1587 lubidinis
431 1532 557 1586 ministri
578 1543 629 1587 aut
650 1526 797 1607 adiutores
817 1543 907 1600 essent
926 1527 999 1587 nd
987 1531 1137 1587 5551551555.
1166 1529 1243 1602 quod
1259 1527 1318 1586 hoc

272 1614 335 1672 loco
357 1614 524 1687 particulam
550 1619 636 1674 5515555
663 1599 879 1688 relinquendam
913 1615 1029 1688 putavi,
1057 1615 1111 1672 etsi
1135 1613 1235 1687 piures
1265 1633 1318 1671 uec
1404 1691 1405 1696 ἵ

273 1698 294 1756 11
315 1699 384 1770 mali
406 1698 469 1756 libri
492 1720 543 1773 pro
559 1720 592 1758 ea
608 1703 683 1757 enim
695 1698 906 1771 exhiberent,'
898 1718 955 1756 55555
967 1698 1052 1756 video
1069 1687 1204 1756 iudicium
1219 1719 1318 1756 55555555
1404 1725 1405 1746 t

273 1763 472 1840 confirmatum
493 1787 609 1858 egregio
636 1784 709 1841 libro
739 1781 892 1856 Gudiauo,
920 1784 971 1856 qni
998 1793 1041 1841 est
1068 1782 1173 1840 saeculi
1200 1782 1317 1856 decimi,
1404 1767 1405 1806 ³

273 1877 311 1927 555
326 1866 449 1924 videtur.
492 1887 587 1940 neque
609 1869 686 1924 enim
708 1869 847 1924 sententia
868 1867 989 1940 ferebat,
1011 1876 1042 1925 ut
1063 1864 1133 1924 baec
1154 1869 1318 1940 5555555515)-

273 1952 353 2010 ribus
374 1971 426 2024 per
447 1951 612 2028 particulam
634 1952 715 2008 illam
736 1951 1030 2026 suspenderentur,
1020 1971 1079 2008 tmo
1101 1970 1210 2009 novum
1232 1951 1318 2025 quid-

273 2038 355 2093 dam
361 2035 482 2107 accedit,
505 2036 582 2121 quod
604 2047 678 2094 recte
700 2036 836 2110 particula
858 2038 933 2093 enim
947 2038 1115 2093 annectitur.
1145 2035 1250 2093 deinde
1262 2056 1314 2109 pro

249 2117 395 2179 ‘dissidio
416 2106 551 2194 scriptum
573 2131 616 2178 est
637 2118 760 2178 discidio
781 2141 821 2179 ex
842 2119 1015 2190 Ersurteusi,
1038 2117 1166 2178 Vindob.
1188 2117 1231 2178 11.
1255 2117 1319 2177 Gu-

274 2204 374 2276 511555,
396 2203 480 2278 Aug.
503 2201 528 2261 I.
532 2202 646 2280 ,.Aug
668 2206 704 2263 11.
727 2205 870 2278 aliisque
871 2205 960 2262 libris.
1003 2201 1075 2262 15555
1095 2205 1173 2262 euim
1194 2205 1319 2278 optimo-

273 2309 338 2347 rum
351 2287 497 2347 1115555555
519 2293 668 2347 auctoritas
690 2309 755 2346 cum
777 2290 916 2347 sententia
942 2291 1004 2362 ipsa
1026 2291 1142 2364 egregie
1165 2291 1316 2347 consentit.

273 2383 317 2430 est
338 2373 435 2429 autem
456 2391 594 2446 maguum
615 2373 768 2432 discrimen
791 2369 1066 2430 dicasnedissidium
1087 2393 1123 2431 au
1146 2370 1319 2445 discidium,-

274 2456 470 2515 dissidium
503 2457 580 2515 enim
610 2459 704 2530 potius
736 2457 772 2516 de
802 2459 959 2515 sententiae
990 2457 1177 2532 discrepantia
1204 2457 1320 2515 videtur

273 2541 416 2615 usurpari,
439 2541 631 2598 discidium
652 2543 745 2615 ipsam
760 2541 1148 2600 amicorumdisiunctionem
1162 2540 1318 2616 siguificat,

275 2645 350 2699 quae
372 2627 512 2684 sententia
534 2627 620 2682 etiam
641 2618 687 2682 his
708 2627 804 2684 ‘verbis
825 2627 950 2684 subiecta
971 2627 1009 2684 sit
1029 2646 1102 2699 pene
1123 2646 1241 2684 necesse
1263 2635 1319 2684 est.

273 2728 369 2783 neque
391 2710 467 2767 euim
489 2711 582 2784 agitur
602 2707 648 2766 ltic
669 2710 705 2767 de
727 2711 868 2784 opinionis
889 2711 1094 2784 discrepantia,
1116 2711 1168 2772 sed
1190 2710 1226 2768 de
1246 2711 1319 2767 auri·
1404 2735 1405 2742 ¹

274 2795 346 2852 citiis
374 2793 532 2852 solvendis.
575 2813 640 2851 cnm
668 2814 737 2852 vero
763 2792 834 2852 15555
866 2795 952 2853 verba
979 2793 1087 2853 eisdem
1116 2815 1188 2868 pene
1218 2794 1321 2851 litteris

275 2878 433 2937 scribantur
452 2877 674 2950 frequenterque
697 2878 813 2937 confuso
836 2880 909 2952 sint,
937 2898 1022 2950 saepe
1050 2878 1165 2936 difficile
1192 2879 1318 2934 iudicatu
1404 2899 1405 2920 ³

276 2970 334 3033 est,
362 2980 462 3034 qtrae
464 2961 556 3018 forma
578 2958 693 3035 duoque
715 2963 777 3020 loco
798 2963 957 3036 recipienda
979 2965 1026 3020 sit.
1068 2985 1157 3036 qrram
1178 2963 1213 3018 ob
1236 2982 1318 3019 caus·

276 3065 338 3104 sam
359 3046 410 3118 qui
431 3041 532 3101 mihi
524 3065 554 3102 ru
577 3043 658 3104 Tulli
678 3048 788 3120 scriptis
809 3048 920 3106 inventi
942 3033 1008 3110 suut
1030 3047 1095 3120 loci,
1119 3045 1317 3105 5151155555-
1404 3077 1405 3086 ¹

275 3131 354 3190 mina
375 3128 525 3204 leguntur,
556 3128 687 3188 afferam.
730 3150 763 3188 ao
788 3133 912 3204 primum
933 3132 1050 3204 quidem
1071 3129 1223 3213 discidium
1244 3143 1318 3188 recte

277 3215 419 3286 scriptum
433 3212 583 3271 5151555555
605 3215 698 3272 codice
721 3207 893 3272 Vaticano
885 3235 914 3272 555
937 3225 1007 3272 orat.
1022 3211 1153 3289 Philipp.
1168 3201 1220 3271 11.
1223 3235 1248 3274 c.
1268 3223 1317 3274 58.

186 3319 188 3325 ⁴
278 3299 309 3372 b.
328 3299 404 3355 tu·
391 3317 452 3369 ipse
473 3313 568 3354 autem
589 3318 686 3355 amore
706 3295 811 3356 ardens
831 3297 1034 3376 confirmabat,
1056 3297 1136 3376 quod
1145 3295 1319 3356 dcsidcrium
1404 3343 1405 3348 η

277 3383 322 3439 tui
343 3376 446 3441 discidi
457 3381 548 3460 ferre
568 3402 629 3438 5555
671 3395 756 3458 osset,
769 3403 798 3440 se
818 3386 851 3439 iu
871 3381 1008 3441 amilium
1028 3386 1159 3454 iturum„
1182 3384 1229 3440 5151
1251 3381 1321 3439 vol·
1404 3379 1405 3464 J

277 3485 361 3542 gares
387 3465 526 3525 editiones
553 3476 619 3524 aute
640 3403 788 3526 dirmetum
816 3464 929 3526 dissidii
955 3465 1138 3526 exhibebant.
1183 3469 1222 3524 sio
1243 3478 1321 3525 recte

277 3551 308 3607 in
330 3547 440 3623 epistol.
463 3546 506 3610 ud
523 3549 658 3620 Atticum
678 3550 728 3609 lib.
742 3548 800 3608 lV.
823 3571 869 3625 ep.
891 3559 919 3610 1.
943 3553 974 3626 ἦ.
999 3559 1027 3610 1.
1051 3572 1090 3610 ex
1111 3553 1239 3626 margine
1253 3550 1321 3608 libri

278 3633 403 3694 Medicei
424 3635 561 3707 scriptum
582 3645 640 3693 est:
667 3632 839 3712 eundemque
868 3649 896 3693 55
928 3632 1110 3715 (cognoram)
1133 3669 1175 3678 —
1195 3631 1320 3692 acerbis·

278 3722 348 3778 sime
368 3715 519 3776 discidium
539 3732 668 3776 nostrum
683 3718 780 3776 tulisse
795 3718 1011 3798 plurimumque
1030 3741 1141 3793 operae,
1162 3717 1251 3787 studi,
1272 3715 1322 3776 di·
1404 3741 1405 3752 ¹

175 3871 178 3876 v
280 3801 431 3876 ligentiac,
460 3799 568 3860 loboris
588 3800 631 3860 nd
648 3800 857 3880 corficicndum
881 3802 1006 3862 reditum
1031 3826 1124 3862 meum
1143 3802 1319 3874 contulisse„

281 3889 333 3946 etsi
355 3884 504 3944 Mediocris
529 3887 591 3960 ipse
617 3883 767 3944 dissidium
780 3889 857 3945 ⁴vitio
878 3891 1013 3962 scriptum
1035 3887 1130 3946 babet.
1174 3887 1243 3946 ibid.
1265 3885 1319 3946 lib.

280 3966 357 4029 XV.
379 3990 423 4042 ep.
441 3976 490 4029 29.
505 3971 536 4044 ἦ.
551 3977 580 4031 2.
602 3975 646 4029 uit
658 3967 706 4029 liic
725 3968 781 4028 sibi
801 3969 1023 4051 Iuliumferrc,
1045 3975 1229 4030 constitutum
1243 3973 1321 4028 555155
1404 4005 1405 4016 5

280 4075 338 4114 csse
368 4050 537 4130 discidium,
571 4056 621 4113 ubi
647 4052 796 4114 Medr‘ceus
827 4068 901 4114 recte
933 4053 1085 4114 discidium
1116 4065 1220 4114 tuetur.
1258 4075 1321 4127 pro

281 4138 326 4207 A.
345 4135 476 4196 0155555515
489 4157 514 4201 c.
529 4144 581 4200 67.
604 4139 636 4212 ὕ.
650 4146 723 4200 590.
744 4142 788 4196 ito
809 4137 888 4218 quod
906 4136 989 4214 opud
1006 4153 1122 4212 ceteros,
1143 4143 1224 4197 nouis
1242 4141 1321 4197 inter
