2868 4958
406 349 475 421 ou
496 305 766 424 suminis.
812 350 913 422 oar.
934 351 999 456 ru.
1205 356 1228 424 s

181 541 339 634 Apollo,
373 549 414 614 ut
440 543 513 632 ais,
553 543 860 634 sapientissimum
892 544 1083 616 iudicarit:
1118 543 1225 616 liuius

182 645 278 716 enirn
292 645 408 731 facta,
435 645 532 716 illins
553 646 648 716 dicta
674 645 879 717 laudantur.
931 645 989 716 Dr.
1012 669 1068 716 me
1088 654 1222 734 alutem,
1286 667 1289 674 ’

180 753 222 816 nl
246 747 317 816 iam
345 767 427 816 cum
452 754 605 840 utroque
631 748 776 839 loquar,
804 748 858 818 sic
883 746 1062 819 habetote.

288 862 362 934 lll.
413 862 495 956 Ego
526 865 559 936 si
584 863 768 956 Scipionis
794 865 974 936 desiderio
1001 886 1058 934 me
1083 863 1224 934 moveri

179 987 327 1056 ”ellflms
355 987 464 1057 quam
488 966 524 1036 id
545 973 644 1050 recle
659 967 812 1054 faciam,
841 965 996 1036 viderint
1020 965 1221 1056 sapientes3
1278 1041 1282 1058 ‚

179 1069 245 1138 sed
271 1073 368 1136 certe
388 1067 552 1139 mentiar.
593 1089 746 1138 moveor
765 1069 860 1140 eninr
881 1068 945 1138 lali
971 1069 1087 1138 amico
1115 1068 1220 1154 orba·

178 1175 256 1254 tus,
291 1169 426 1260 qualis,
458 1176 501 1238 ut
525 1167 699 1256 arbitror,
732 1192 838 1239 nemo
865 1191 1034 1261 umquam
1061 1170 1146 1254 erit,
1180 1173 1220 1238 ut

179 1268 391 1340 confirmare
407 1293 573 1360 possum,
595 1293 701 1341 neruo
721 1279 816 1348 corle
833 1271 913 1343 fuit.
953 1271 1018 1342 sed
1036 1281 1108 1342 nou
1126 1291 1218 1360 egeo

178 1371 374 1458 medicina3
399 1394 459 1442 rue
482 1371 560 1462 ipse
576 1373 748 1442 consolor
765 1381 801 1442 et
817 1373 974 1444 maxime
995 1371 1058 1444 illo
1074 1372 1217 1458 solatio,

176 1473 273 1562 quod
306 1495 351 1542 eo
386 1494 511 1542 errore
543 1495 669 1560 careo,
704 1495 794 1566 quo,
821 1473 1019 1544 amicorum
1052 1474 1217 1559 decessu,

175 1573 337 1665 plerique
359 1574 444 1665 angi
462 1575 591 1646 solent.
632 1573 732 1646 Nihil
754 1575 841 1646 mali
862 1575 1038 1646 accidisse
1055 1573 1218 1664 Scipioni

175 1681 283 1766 puto,
309 1674 397 1744 mibi
418 1676 566 1763 accidit,
593 1676 625 1748 si
650 1677 736 1769 quid
762 1677 908 1748 acciditr
936 1677 1014 1748 suis
1028 1683 1150 1746 autem
1164 1675 1217 1743 in-

177 1777 376 1872 commodis
397 1778 559 1868 graviter
581 1778 667 1870 angi
687 1801 759 1847 oon
780 1779 933 1848 amicum
956 1778 1021 1847 sed
1043 1799 1083 1848 se
1098 1777 1217 1865 ipsum
1281 1843 1284 1850 .

176 1878 330 1948 amantis
352 1885 418 1948 est,
472 1880 530 1952 11.
559 1876 652 1950 Cum
672 1881 734 1950 illo
754 1903 843 1950 vero
866 1879 947 1971 quis
966 1884 1076 1970 neget
1096 1886 1217 1948 arctum

176 2001 258 2050 esse
277 1977 485 2070 praeclare?
518 1980 589 2070 nisi
610 1983 723 2068 enim,
748 1982 844 2074 quod
865 1981 926 2052 ille
947 1980 1215 2070 minime'puta·
1308 2067 1314 2082 Ι

158 2078 256 2167 bat,
283 2081 587 2152 immortalitatem
613 2091 739 2173 optare
763 2084 892 2168 vellet,
920 2082 1007 2173 quid
1032 2103 1105 2151 uon
1131 2081 1216 2149 ade·

175 2189 258 2273 ptus
298 2189 370 2272 est,
411 2183 510 2274 quod
541 2182 678 2252 bomini
708 2185 778 2280 fas
800 2189 897 2254 esset
929 2179 1077 2272 optarel
1140 2179 1216 2256 Qui

42 2295 51 2301 “
175 2305 353 2354 summam
378 2305 481 2375 spem
507 2284 657 2372 civium,
699 2307 807 2378 quam
840 2286 886 2355 de
920 2306 964 2354 eo
997 2284 1070 2352 iam
1101 2303 1214 2372 puero

175 2384 591 2474 habuerant„continu0
619 2387 831 2457 adolescens
857 2384 1058 2455 incredibili
1083 2385 1216 2454 virtute

175 2488 379 2578 superavil3
400 2487 463 2579 qui
484 2489 711 2560 consulatum
724 2489 852 2579 petivit
865 2509 1075 2582 numquam,
1095 2487 1216 2560 faetus

176 2594 233 2657 est
258 2588 385 2660 consul
410 2589 483 2659 bis:
510 2589 665 2679 primum
690 2597 774 2660 ante
800 2597 959 2680 tempus3
991 2589 1120 2662 iterum
1146 2585 1216 2660 sibi
1245 2677 1248 2684 ,

174 2711 242 2760 suo
268 2696 449 2782 tempore,
475 2691 529 2759 rei
553 2693 720 2781 publicae
746 2713 838 2786 pene
860 2712 969 2776 scrop
986 2688 1050 2780 qui
1073 2687 1215 2764 duribus

173 2792 325 2862 urbibus
358 2790 495 2862 eversis
534 2791 789 2864 inimicissimis
829 2789 912 2860 huic
952 2789 1102 2880 imperio
1142 2809 1215 2856 non
1286 2875 1289 2879 ἱ

172 2893 283 2964 modo
296 2893 519 2983 praesentia,
544 2915 672 2970 verum
689 2895 796 2966 etiam
820 2893 945 2963 futura
960 2893 1056 2964 bella
1070 2888 1214 2988 delevit.

175 2993 274 3072 Quid
300 2995 416 3064 dicam
443 2996 494 3068 de.
521 2996 682 3066 moribus
713 2993 912 3080 facillimis,
947 2995 994 3064 de
1019 2993 1153 3084 pictate
1177 2989 1215 3062 iu

173 3103 343 3182 matrem,
370 3095 586 3176 liberalitate
611 3097 647 3171 iu
670 3118 818 3172 sorores
826 3145 837 3182 ,
863 3096 1024 3168 bonitate
1049 3095 1086 3166 in
1111 3113 1212 3176 snos,

154 3275 157 3282 ,
177 3196 314 3266 instilla
338 3197 375 3268 iu
409 3195 547 3268 omuisl
585 3206 673 3272 uota
695 3206 780 3272 suut
802 3195 918 3268 vobis.
966 3216 1072 3289 quum
1093 3199 1213 3266 aulem

174 3298 313 3370 civitati
337 3319 445 3372 carus
475 3300 605 3387 fuerit,
646 3321 813 3376 maerore
845 3297 984 3370 funeris
1016 3295 1213 3368 iudicatum

48 3393 54 3398 ’
174 3407 240 3470 est.
283 3399 385 3478 uuio
405 3399 516 3490 igilur
534 3400 630 3473 bunc
646 3422 844 3493 paucorum
860 3421 1034 3478 annorum
1050 3395 1212 3467 accessio

172 3500 300 3570 iuvare
325 3500 523 3596 potuissetl
570 3510 738 3576 senectus
765 3502 859 3574 euim
887 3499 1051 3598 quumvis
1072 3520 1144 3570 nou
1166 3497 1214 3568 sit

173 3602 317 3693 gravis,
348 3608 390 3674 ut
413 3603 560 3678 memini
586 3602 762 3676 Catonem
795 3626 889 3674 anuo
917 3609 999 3674 aute
1025 3621 1132 3690 quam
1158 3601 1213 3666 est

154 3709 337 3774 ‘mortuus
355 3725 496 3778 meeum
518 3716 555 3775 et
574 3727 657 3777 cunr
671 3705 844 3795 Scipione
870 3705 1067 3786 disserere,
1094 3707 1213 3767 lamen

174 3805 294 3875 aufert
326 3827 405 3874 ram
430 3807 669 3895 viriditatem,
709 3808 746 3882 iu
777 3828 849 3908 qua
881 3805 989 3879 etiam
1013 3825 1110 3878 nuuc
1136 3805 1214 3874 erat

257 4021 316 4082 lll.
345 4023 379 4098 ᾗ.
398 4032 457 4088 10,’
469 4023 542 4083 uilril
560 4024 644 4103 unali]
666 4020 745 4082 nihil
750 4025 832 4082 carim
848 4023 929 4084 ntuli.
973 4026 1005 4100 ᾗ.
1022 4034 1071 4084 11.
1094 4019 1213 4093 urleplus

172 4103 236 4188 cst]
259 4121 300 4166 est
321 4105 453 4182 adoptas.
495 4109 614 4188 polivit]
632 4110 728 4184 petili.
773 4107 940 4181 iruliealum]
962 4107 1130 4176 ludicrarum
1173 4110 1217 4161 cst

175 4187 321 4275 morinus}
343 4209 473 4256 moranus
493 4208 543 4258 cul·
577 4197 663 4260 elium
684 4194 775 4276 nnuc]
801 4197 966 4260 dictamum.
