2868 4958
220 435 222 439 .
330 292 694 424 unanimum.
744 349 1043 458 canava.
1098 384 1101 398 .
1171 355 1193 420 o

150 545 377 633 Fabricium,
411 543 475 617 Μ’.
497 541 666 630 (larium,
694 541 755 614 Ti.
781 539 1067 631 Coruncanium,
1101 565 1192 636 quos

151 649 340 740 sapientis
358 647 473 717 nostri
505 646 669 716 maiores·
696 645 921 732 iudicabant,
962 649 1009 716 ad
1041 647 1193 716 istorum

150 771 316 822 normam
347 750 463 820 faisse
502 746 687 838 sapientie⁸
748 746 835 823 Qun
867 770 908 817 re
941 749 1010 818 sitii
1035 749 1194 819 habeant

151 851 353 942 sapientiae
373 871 504 919 nornen
527 857 565 918 et
584 849 802 924 invidiosum
820 854 856 918 et
871 849 1081 919 obscurum:
1109 872 1194 920 con·

152 955 302 1038 cedant,
327 959 368 1022 ut
389 951 426 1020 ni
448 952 518 1020 viri
544 951 630 1021 boni
651 950 813 1021 fuerint
850 973 896 1019 ne
918 951 955 1020 id
976 951 1120 1042 quidem
1139 953 1194 1022 fa·

153 1054 265 1124 cient:
307 1055 491 1144 negarbunt
521 1052 559 1122 id
599 1051 669 1120 nisi
703 1052 857 1143 sapienti
889 1075 998 1143 posse
1031 1054 1194 1123 concedi.

155 1155 213 1227 19.
234 1156 400 1247 Agamus
422 1154 532 1246 igitur
546 1153 690 1244 pingui,
711 1153 890 1240 etaient,
913 1149 1092 1225 Minerva.
1133 1155 1196 1247 qui

153 1257 204 1326 ita
225 1279 266 1326 se
288 1263 437 1348 gerunt,
464 1256 515 1324 ita
531 1255 659 1325 vivunt
666 1305 677 1340 ,
699 1261 739 1323 ut
758 1276 885 1324 eorum
900 1258 1073 1345 probetur
1092 1256 1194 1344 fides,

153 1358 361 1450 integritus,
394 1358 612 1448 aequalitas,
651 1355 868 1446 liberalitas,
913 1379 981 1427 nee
1006 1358 1053 1427 sit
1078 1358 1116 1426 in
1142 1358 1196 1428 eis

153 1460 229 1529 ulla
262 1458 459 1548 cupidita,
499 1458 642 1544 lubido,
683 1459 854 1546 audacia,
888 1459 1031 1552 sintque
1063 1448 1229 1551 magna*

154 1561 375 1647 constantia,
415 1567 457 1628 ut
480 1560 507 1628 ii
532 1561 698 1642 fueruat,
731 1561 841 1628 modo
875 1581 966 1650 quos
991 1561 1197 1648 nominavi3

152 1663 224 1734 hos
249 1663 351 1732 viros
376 1663 510 1748 bonos,
537 1668 579 1730 nt
602 1659 716 1730 hahiti
740 1669 843 1747 sunt,
870 1663 923 1733 sic
946 1663 1053 1732 etiarn
1075 1660 1194 1752 appel·
1255 1656 1260 1665 x

86 1771 89 1778 ’
153 1759 287 1835 landos
310 1770 493 1854 putemus,
521 1763 606 1854 quia
631 1773 827 1853 sequantur·
845 1769 1016 1854 quantum
1033 1763 1196 1833 homines

153 1873 306 1958 possunt
320 1871 486 1934 naturam
505 1864 674 1954 optimam
690 1865 782 1932 bene
797 1865 944 1934 vivendi
958 1866 1097 1936 ducem.
1132 1864 1196 1936 Sic

155 1968 253 2036 enim
278 1966 366 2035 mini
397 1967 603 2056 perspicere
628 1966 756 2034 videor
787 1967 838 2035 ita
869 1975 976 2038 natos
1009 1989 1196 2053 essenos,

13 2069 26 2088 ‘
155 2077 196 2138 ut
208 2069 304 2136 inter
316 2069 538 2138 omnisesset
551 2067 707 2137 societas
722 2068 918 2159 quaedam:
935 2069 1051 2138 maior
1065 2076 1196 2154 autem,
1259 2153 1267 2158 1

155 2177 196 2240 ut
211 2170 363 2262 quisque
375 2170 543 2260 proxime
556 2169 757 2238 accederet.
781 2169 903 2261 itaque
920 2171 1020 2240 cives
1036 2171 1198 2260 potiores

156 2293 263 2364 quani
288 2271 490 2362 peregrini,
523 2269 715 2362 propinqui
741 2291 848 2362 quam
873 2270 1000 2341 alieni:
1034 2295 1115 2341 cunr
1140 2271 1197 2342 his

157 2375 252 2442 enim
279 2373 473 2442 amicitiam
504 2379 634 2442 natura
667 2373 747 2463 ipsa
771 2374 931 2463 peperit3
962 2373 1028 2444 sed
1055 2371 1199 2443 eonon

157 2477 246 2544 satis
273 2474 383 2544 habet
407 2473 597 2544 firmitatis.
640 2495 795 2565 namque
826 2474 897 2544 hoc
923 2482 1084 2565 praestat
1110 2476 1197 2544 ami·

158 2577 245 2646 uitia
275 2575 550 2667 propinquitati,
584 2576 682 2667 quod
714 2597 762 2645 ex
794 2577 1058 2668 propinquitate
1089 2579 1198 2646 bene·

155 2679 318 2748 volentia
334 2678 412 2748 tolli
427 2684 557 2768 potest,
576 2699 624 2746 ex
639 2677 796 2746 amicitia
812 2699 885 2745 non
903 2684 1040 2767 potest:
1057 2678 1200 2747 sublata

141 2780 253 2848 'enim
272 2779 523 2850 benevolentia
540 2777 720 2848 amicitiae
738 2775 869 2846 nomen
884 2779 1033 2864 tollitur,
1054 2779 1198 2869 propiu-

157 2881 304 2973 quitatis
330 2887 461 2950 manet.
514 2880 574 2951 20.
609 2878 757 2955 Quanta
790 2886 911 2948 autem
936 2881 993 2950 vis
1019 2881 1199 2951 amicitiae

157 2982 223 3070 sit,
250 3003 299 3052 ex
323 2982 394 3050 hoc
418 2981 571 3072 intelligi
597 2981 754 3050 maxime
779 2989 916 3072 potest,
950 2984 1048 3074 quod
1073 3006 1123 3052 ex
1146 2981 1199 3051 in·

156 3083 258 3154 finita
283 3084 462 3154 societate
485 3082 629 3174 generis
655 3081 821 3168 humani,
856 3105 966 3176 quam
996 3084 1201 3152 conciliavit

158 3185 240 3276 ipsa
262 3195 410 3272 natura,
450 3184 503 3253 ita
528 3191 714 3254 contracta
745 3205 806 3254 res
833 3193 888 3255 est
921 3191 957 3254 et
982 3186 1138 3254 adducta
1163 3185 1221 3253 in'

158 3293 370 3378 angustum,
403 3291 445 3356 ut
477 3286 593 3356 omnis
626 3286 758 3356 caritas
792 3293 856 3357 aut
887 3287 980 3358 inter
1013 3287 1105 3358 duos
1139 3293 1202 3356 aut

157 3387 253 3459 inter
276 3410 413 3480 paucos
439 3388 659 3485 iungeretur.
786 3459 789 3465 ,

235 3572 304 3646 VI.
343 3571 412 3646 Est
437 3573 533 3644 enim
550 3574 709 3646 amicitia
723 3573 813 3644 nihil
830 3574 929 3662 aliud
947 3573 1018 3645 nisi
1044 3572 1203 3644 omnium

158 3676 363 3747 divinarum
405 3675 713 3770 humanarumque
758 3699 882 3748 rerum
924 3697 1007 3746 cum
1045 3676 1203 3748 benevo-

243 3927 287 3989 V.
310 3931 342 4006 θ.
363 3937 412 3990 18.
435 3930 490 3987 viri
512 3927 595 4006 boni]
618 3925 763 3988 boniairi.
807 3931 838 4006 θ.
854 3909 910 3990 19.¹
926 3929 1025 4006 pingui
1033 3973 1044 4009 ,
1066 3939 1099 3989 at
1113 3935 1203 4003 sirint,

158 4011 311 4092 Minerva]
343 4016 452 4090 pingui
476 4011 631 4086 Minerua,
652 4027 686 4072 ar
707 4017 801 4073 mam.
857 4015 1030 4094 aequalitas]
1062 4017 1204 4094 aequitas.
1306 4052 1312 4065 -

161 4099 322 4175 cupiditas,
350 4099 450 4158 lubido
457 4141 466 4172 ,
495 4097 626 4176 arrdacia]
655 4097 800 4174 cupiditas
817 4098 863 4159 ccl
889 4097 978 4158 libido
1003 4097 1049 4157 cel
1067 4097 1203 4158 αυᾶιιοὶιι.

164 4186 195 4259 ἦ.
210 4191 262 4246 20·
284 4187 359 4245 inter
380 4183 467 4263 duos]
488 4185 565 4242 inter
585 4181 654 4244 dao-
698 4180 755 4244 vi.
779 4182 832 4246 Est
853 4186 942 4258 enirn]
964 4182 1022 4243 Est
1035 4197 1140 4244 cutem.
