2850 4940
226 355 713 429 snnornnronss
757 351 1071 469 castrasse.
1115 319 1177 426 ris

120 579 122 585 ·
225 546 348 608 Ibidem.
390 563 443 606 neo
472 543 629 624 quidquam
655 548 806 618 insipiente
822 545 986 624 fortunato
1010 537 1178 604 intolerabi-

142 633 199 693 lius
211 623 287 711 fleri
303 646 408 705 potest.
450 650 502 688 aea
522 630 576 686 hoe
596 631 656 687 ioco
678 627 783 686 habent
804 630 868 686 libri
890 628 1085 703 Basileensis,
1113 629 1177 687 Gu-

100 727 107 742 '
142 720 261 788 dianus,
286 714 414 786 vindob„
430 711 468 786 Ι.,
490 712 617 770 Vindob.
642 711 693 781 ΙΙ.,
714 710 820 785 Hann,
843 711 925 787 Aug.
947 715 989 786 Ι.,
1017 711 1100 786 Aug.
1123 712 1176 786 IL,

142 799 351 874 Gottingensis,
375 799 455 870 Lips.
470 799 565 871 aas,
589 795 688 855 Oxou.
708 811 778 869 tres,
802 793 892 855 Gotiu
913 817 952 870 ω,
973 795 1034 853 ciz.
1056 797 1112 872 A.,
1125 795 1176 871 Β,

141 882 257 942 Vimar.
300 883 388 956 idque
409 890 470 938 erat
490 881 605 955 volgato
626 900 715 957 neque
736 879 965 952 praeferendum.
997 881 1178 938 certiorantur

141 988 218 1041 quae
239 969 337 1039 scripsi
358 966 407 1022 tib.
430 977 550 1040 quaesti.
577 966 656 1020 ordtt.
677 963 701 1021 Ι.
733 983 760 1035 p.
785 967 835 1022 tt.
866 975 895 1020 et
921 974 991 1020 orat.
1019 963 1175 1022 Planciaa.

141 1071 166 1108 c.
182 1056 231 1110 15.
255 1051 286 1123 ᾗ.
303 1055 366 1121 36.,
390 1048 436 1104 ubi
458 1047 635 1104 scribendum
659 1046 755 1103 docui:
777 1067 829 1102 aec
839 1049 914 1104 raim
925 1044 1081 1123 quidquam
1093 1043 1179 1104 (eliud

126 1137 174 1190 ia
194 1125 331 1206 lrao‘iege
343 1135 407 1188 m'si
427 1128 555 1188 editioios
575 1127 681 1187 iudicas
696 1142 807 1187 secutus
819 1150 857 1193 es.
875 1142 903 1186 et
919 1130 1029 1202 epistol.
1043 1129 1175 1208 adfata.

141 1217 192 1274 lib.
205 1215 262 1274 lii.
286 1237 331 1289 ep.
344 1224 375 1291 7?
399 1217 430 1290 §.
453 1220 484 1272 9.
506 1235 557 1271 areo
572 1227 666 1286 potest
687 1215 755 1281 fieri
774 1235 818 1270 ate
839 1210 995 1290 quidqumn
1014 1211 1174 1286 superdius.

227 1299 348 1356 ibidem.
391 1312 476 1374 atque
507 1295 561 1354 ltoc
591 1287 704 1374 quidem
730 1294 825 1354 videm
851 1296 914 1354 licet
940 1317 987 1356 eos
1013 1301 1065 1374 qui
1089 1312 1176 1357 natea

140 1381 295 1442 commodis
303 1384 427 1461 ‘fuerint
448 1379 574 1438 uteribus
578 1421 589 1451 ,
611 1383 741 1453 imperio,
757 1393 908 1452 potestate,
925 1384 1074 1453 prosperis
1092 1380 1176 1439 rebus

140 1469 290 1524 imarutrat‘
310 1479 361 1524 eto.
404 1462 451 1521 hic
472 1485 522 1538 pro
543 1464 659 1538 volgato
667 1465 809 1542 ficerunt,
832 1484 882 1537 pro
898 1485 954 1536 quo
966 1465 995 1521 in
1008 1465 1073 1521 aliis
1084 1464 1174 1537 libris,

55 1551 64 1572 ²
140 1551 273 1608 velutin
295 1549 410 1624 Ang.l.
434 1561 477 1607 est
489 1547 631 1628 fuerant,
654 1567 693 1605 ex
714 1547 794 1604 libris
816 1550 929 1620 optimis
942 1546 1061 1622 Erstut„
1084 1548 1174 1622 (tud,
1231 1545 1233 1554 '

141 1631 271 1692 Vindob.
292 1632 343 1704 11„
365 1629 447 1708 Aug.
469 1631 522 1702 li„
544 1630 658 1704 linem,
683 1631 787 1687 Vinrar.
797 1673 808 1702 ‚
831 1631 914 1702 aliis,
937 1634 1028 1704 recepi
1041 1634 1173 1711 simriut.
1203 1697 1209 1710 ,

140 1717 284 1775 habebant
309 1718 386 1775 euim
413 1715 467 1773 lroo
488 1712 629 1786 Romani,
656 1725 688 1772 ut
708 1715 851 1772 interdum
872 1716 902 1772 in
924 1716 986 1783 aius
1008 1717 1084 1773 modi
1105 1718 1175 1775 iocis

141 1802 229 1878 etiam
250 1821 296 1872 ea,
319 1819 395 1874 quae
413 1809 543 1874 poterant
564 1810 773 1872 pertentare,
796 1799 831 1856 ab
853 1817 887 1855 eo
909 1800 997 1856 verbo
1015 1801 1175 1873 suspende-

141 1895 221 1956 rent,
248 1883 325 1958 qtrod
352 1897 427 1944 esset,
454 1885 482 1940 in
510 1885 588 1940 omui
614 1884 818 1942 constructione
843 1885 1019 1956 prirnorium.
1062 1887 1102 1941 si't
1123 1885 1173 1943 lib.

142 1967 179 2026 de
205 1968 289 2047 offic.
308 1967 338 2036 Nl.
366 1987 391 2025 c.
414 1973 444 2026 4.
472 1969 505 2042 §.
532 1973 581 2025 11.
613 1967 792 2024 scribendum
821 1980 882 2026 est:
911 1987 1056 2024 carantana
1081 1983 1175 2026 (tutem

141 2054 333 2110 animantium
364 2054 490 2110 uranium
518 2063 558 2108 est
589 2053 796 2107 coniunctionis
828 2053 972 2122 armetitus
997 2051 1175 2123 procreandi

138 2157 244 2200 ,caussa
264 2148 291 2192 et
304 2155 377 2192 ortua
387 2132 527 2212 quaedam
542 2154 650 2206 aarum,
672 2153 746 2209 quae
751 2146 910 2205 procreata
922 2137 1002 2204 siat„
1026 2136 1073 2191 ubi
1090 2137 1174 2211 volgo

141 2231 210 2276 sum
231 2219 351 2294 legitur,
383 2221 592 2280 cotrinuctivum
621 2229 716 2277 utitem
743 2219 931 2290 antiquissimi
956 2218 1020 2274 iibri
1047 2229 1173 2291 tuentur,

140 2305 192 2377 qui
213 2304 252 2360 ita
273 2301 460 2376 explicandus
471 2312 534 2375 sest,
557 2311 588 2358 ut
610 2301 736 2358 dicamus
747 2301 776 2357 in
792 2301 879 2360 verbo
891 2320 962 2358 cara
976 2303 1096 2374 positam
1111 2323 1174 2362 esse

142 2388 339 2461 cogitationem
357 2385 431 2442 hanc
453 2405 532 2443 esse
553 2383 639 2442 hoec
661 2386 796 2444 exista
819 2385 1074 2443 coniunctione
1095 2408 1175 2459 pro-

142 2481 270 2530 creata.
314 2470 389 2528 conf.
418 2469 547 2528 eiusdem
575 2469 640 2526 libri
669 2487 694 2526 c.
717 2476 748 2530 7.
780 2469 811 2541 ὃ.
835 2475 885 2528 22.
913 2482 998 2544 atqrae
1023 2483 1055 2524 at
1076 2470 1175 2542 placa

143 2553 264 2624 Stoicis,
295 2575 369 2630 quma
388 2555 420 2610 in
441 2555 526 2610 terris
542 2555 719 2625 gignantur,
747 2549 790 2608 ad
807 2573 888 2610 usum
909 2547 1056 2608 herniosum
1078 2559 1175 2612 onznia

140 2640 247 2708 creari,
270 2637 317 2695 ubi
339 2649 414 2696 recte
435 2635 563 2710 Oreliins
585 2656 624 2694 ex
645 2637 769 2708 antiquis
789 2636 965 2707 iustioris,
994 2655 1067 2707 qrros
1087 2656 1174 2709 supra

139 2721 319 2795 neglexerat,
341 2723 445 2794 recepit
462 2724 625 2793 gignarrtar
637 2723 873 2793 pro'gr‘gauatur.
901 2719 976 2778 conf.
989 2740 1062 2792 quae
1077 2720 1174 2794 dispu-

141 2807 201 2864 tavi
221 2804 257 2861 ad
279 2805 383 2861 librum
404 2802 440 2862 de
458 2817 558 2860 maest.
580 2823 606 2860 c.
630 2810 678 2862 21.
702 2805 733 2876 ὕ.
757 2810 808 2864 78.
830 2824 859 2875 11.
881 2807 1067 2863 159-162.

226 2885 346 2946 Ibidem.
369 2890 400 2962 ᾗ.
424 2892 475 2948 55.
518 2885 636 2944 Etenim
661 2901 754 2948 cetera
778 2907 843 2944 oum
858 2901 1023 2960 parantur,
1052 2890 1099 2944 cui
1113 2909 1172 2962 pa-

140 2985 242 3029 rentur
260 2973 399 3029 eueniunt.
443 2968 745 3042 sicliniensem,
767 2967 954 3042 Ersurtensis,
975 2968 1103 3030 Vindob.
1120 2971 1173 3048 tl„
1202 2989 1205 2998 ·

141 3057 246 3128 qrtibus
266 3056 401 3112 accedunt
421 3052 505 3128 Aug.
527 3053 585 3126 lt„
607 3051 736 3112 Vindob.
758 3051 802 3127 Ι.,
822 3051 948 3112 Haemi·
970 3054 1076 3127 aliique
1097 3056 1173 3130 libri,
1282 3112 1285 3118 .

140 3159 237 3211 neque
258 3139 315 3195 ulia
336 3139 568 3196 videtur-caussa
596 3157 658 3196 esse
679 3157 729 3196 our
750 3135 823 3194 hanc
844 3139 1015 3210 optimorum
1036 3138 1174 3196 librorum

134 3225 308 3296 ‚scripturam
321 3223 514 3300 repudiemus,
536 3242 622 3295 qnam
635 3224 719 3278 ceteri
732 3241 847 3296 qnoque
869 3233 984 3280 tuentur
1005 3221 1079 3292 libri,
1102 3241 1173 3295 qno·

141 3327 205 3364 rum
228 3305 277 3382 alii
298 3305 403 3365 habeut
423 3326 487 3364 cara
502 3320 615 3379 parant
636 3309 684 3364 oui
697 3319 853 3380 paratior,
875 3305 924 3364 aiii
944 3325 1010 3364 oum
1023 3321 1175 3380 parantur
1197 3361 1202 3370 ‚

139 3393 322 3462 arriperent.
918 3401 922 3407 ’
1035 3461 1037 3470 ⁴

225 3473 346 3546 ibidem.
389 3473 450 3530 eius
469 3475 544 3530 erum
564 3485 605 3530 est
624 3473 745 3530 istorum
771 3469 911 3549 quidque,
938 3476 989 3550 qui
1014 3476 1079 3530 vicit
1105 3477 1175 3532 viri·

142 3553 203 3614 bus.
240 3557 432 3630 .1nirorqnod
453 3555 583 3614 Oreiiius
604 3577 643 3613 ex
664 3555 736 3613 libro
760 3553 901 3613 Bemensi
927 3558 1032 3629 recepit
1053 3559 1114 3613 eius
1134 3571 1175 3614 est

58 3677 62 3688 ·
141 3643 216 3697 euim
243 3661 294 3714 pro
320 3641 436 3715 volgato
464 3643 523 3697 eius
550 3643 625 3698 enim
646 3653 702 3709 eet,
725 3637 801 3710 (arod
823 3641 920 3712 optimi
942 3639 1007 3696 libri
1029 3660 1087 3696 uno
1107 3660 1174 3696 con·

141 3743 228 3780 sensu
251 3737 381 3795 tuentur,
406 3725 436 3781 u't
458 3723 651 3798 Brinnonem,
677 3721 841 3793 Gudianus,
863 3719 993 3780 Vindob.
1016 3721 1073 3792 ii.,
1095 3721 1175 3780 Vin-

142 3807 207 3864 dob.
231 3806 268 3882 Ι.,
290 3807 433 3880 Haemi„
454 3805 583 3880 August.
609 3810 643 3880 Ι.,
666 3804 747 3880 Aug.
770 3805 824 3877 lt,
856 3803 1068 3880 Gottingensis,
1090 3810 1175 3866 ceteri

129 3889 239 3948 Beieri
262 3901 348 3965 atque
370 3889 530 3950 Gernhardi
551 3891 626 3948 libri.
669 3891 745 3963 quod
777 3901 871 3947 antem
899 3911 949 3962 pro
970 3892 1056 3947 uincit
1077 3893 1176 3964 scripsi

141 3977 224 4046 vicit,
244 3975 391 4032 id-faetnm
403 3987 447 4034 est
459 3975 598 4032 librorum
617 3974 774 4032 multorum
795 3976 970 4046 undositate,
994 3985 1026 4030 ut
1044 3972 1174 4034 Vindob.

142 4059 180 4129 Ι.,
201 4056 328 4118 Vindob.
342 4057 515 4130 ii.,1Haen.‚
532 4057 621 4116 Beru.
635 4060 668 4128 Ι.,
682 4055 769 4115 Besa.
782 4055 835 4131 li.‚
846 4055 1033 4126 Basiieensis,
1049 4056 1128 4132 Aug·⁸
1139 4060 1174 4130 Ι.,

141 4141 226 4217 Aug.
249 4143 304 4218 ΙΙ.,
347 4162 503 4216 pancorum
534 4142 713 4216 quorundam
746 4141 823 4215 apud
855 4138 1067 4202 Gernhardnm.
1112 4139 1174 4201 Gu-
