2868 4958
266 372 310 440 12
484 468 492 478 ·
622 361 948 436 unsaros
1074 385 1078 393 ·

267 565 304 630 ot
335 557 541 650 intelligunt
573 562 609 628 ot
641 577 683 628 re
713 557 880 647 probant.
939 554 1062 647 itaque
1100 553 1133 626 si
1164 553 1311 646 maudo

267 661 414 752 aliquod
450 659 610 730 alliciam
643 659 781 728 exstitit
821 657 927 728 arnioi
965 657 1002 728 in
1042 657 1213 747 perieulis
1245 663 1313 731 aut

267 761 444 832 adeundis
469 767 533 832 aut
558 759 882 845 communicandis,
908 759 988 850 quis
1005 767 1061 830 est
1086 760 1149 850 qni
1172 760 1209 828 id
1235 781 1312 830 non

266 863 436 934 maximis
474 862 616 932 ecferat
653 859 845 932 laudibusi
904 860 980 940 Qut
1012 861 1191 932 clamores
1230 867 1313 932 tota

245 968 384 1034 ‘cavea
408 985 526 1052 nuper
551 963 588 1032 in
611 962 762 1052 hospitis
793 969 829 1032 et
853 962 960 1032 amini
994 962 1067 1032 mei
1091 959 1144 1032 Μ.
1163 959 1312 1034 Pacuvi
1428 961 1429 1012 ἶ

266 1088 364 1136 noan
407 1062 549 1134 fabulal
599 1086 681 1136 oum
721 1065 911 1155 ignorante
943 1086 1051 1154 rege,
1091 1072 1173 1134 uter
1211 1069 1311 1134 esset
1428 1095 1429 1146 p

267 1163 437 1253 Orestes,
465 1163 624 1256 Pylades
639 1163 808 1236 Orestem
831 1188 914 1236 esse
935 1187 977 1236 se
999 1165 1154 1250 diceret,
1181 1171 1221 1236 ut
1241 1187 1309 1255 pro

266 1268 330 1338 illo
345 1275 554 1355 necaretur3
572 1263 725 1336 Orestes
739 1273 872 1352 autem,
894 1267 945 1336 ita
962 1272 1002 1336 ut
1017 1274 1113 1352 erat,
1137 1263 1311 1346 Orestem

267 1391 308 1440 se
340 1391 422 1439 esse
455 1375 716 1460 perseveraret.
768 1375 906 1438 stantes
944 1369 1166 1459 plaudebant
1196 1368 1234 1438 in
1268 1390 1336 1437 ro·
1428 1389 1429 1422 l

265 1469 368 1540 liuta:
411 1471 497 1561 qnid
530 1470 747 1539 arbitramur
779 1470 815 1540 iu
848 1491 936 1540 vera
968 1471 1131 1540 facturos
1169 1467 1310 1540 frissel

265 1571 391 1643 Facile
416 1571 599 1641 indicabat
623 1572 704 1662 ipsa
730 1578 860 1640 natura
886 1570 960 1640 vim
986 1581 1108 1657 suam,
1135 1593 1218 1642 oum
1244 1571 1309 1640 lro·

265 1674 381 1744 mines
407 1675 504 1766 qnod
528 1674 653 1744 facere
675 1673 744 1764 ipsi
764 1695 837 1744 non
858 1680 1026 1766 possent,
1051 1674 1089 1744 id
1110 1679 1210 1744 reete
1228 1672 1311 1744 fieri

266 1774 304 1844 in
330 1776 443 1844 altero
469 1773 681 1848 indicarent.

355 1909 437 1980 Hac
462 1915 567 1980 tenus
592 1908 681 1979 milri
704 1909 835 1978 videor
860 1909 906 1978 da
932 1909 1090 1979 amicitia
1115 1908 1201 2002 quid
1227 1931 1310 1978 sen·

266 2011 372 2081 tireno
396 2012 558 2101 potuisse
585 2011 722 2080 dicere:
764 2011 796 2080 si
829 2032 901 2104 qua
933 2019 1124 2100 praeterea
1149 2017 1233 2080 sunt
1257 2049 1310 2062 —-
1428 2101 1429 2106 ἵ

267 2115 376 2182 oredo
393 2119 514 2182 tantem
537 2135 618 2182 esse
637 2113 749 2181 multa
760 2154 829 2202 —,
846 2113 891 2182 ab
906 2111 953 2214 iis¹
977 2112 1009 2181 si
1025 2113 1224 2200 videbitur,
1247 2113 1311 2204 qui

266 2214 337 2285 isia
357 2215 558 2306 disputant,
586 2214 800 2306 quaeritote.

349 2361 411 2438 25.
451 2363 634 2435 Fannius,
675 2363 756 2435 Nos
778 2370 899 2434 antem
919 2387 942 2434 a
965 2370 1000 2435 te
1021 2364 1157 2455 potius:
1184 2387 1310 2456 qaam-

265 2487 372 2558 qaam
399 2467 507 2536 etiam
529 2468 575 2536 ab
597 2465 675 2536 istis
701 2488 813 2556 saepe
836 2466 1000 2559 quaesivi
1024 2474 1062 2536 et
1086 2467 1209 2538 audivi
1233 2490 1311 2536 non

265 2569 401 2638 invitus
433 2567 620 2659 equidem3
651 2569 724 2638 sed
750 2567 850 2639 aliud
881 2571 1064 2661 quoddam
1100 2569 1201 2640 filum
1226 2589 1310 2640 ora·

266 2670 376 2741 tionis
401 2676 500 2740 tuae.

342 2804 560 2876 Scnrvonn.
601 2803 700 2876 Tum
725 2803 843 2897 magis
869 2805 1086 2892 indiceres,
1112 2804 1248 2890 Fanni,
1275 2805 1311 2875 si

264 2929 381 2997 nuper
406 2907 444 2975 in
470 2905 584 2976 lmrtis
607 2905 809 2997 Scipionis,
838 2929 920 2977 oum
947 2913 1002 2976 est
1027 2908 1072 2975 de
1097 2928 1139 2976 re
1165 2907 1310 2996 publica

246 3010 505 3098 disputatum,
527 3007 711 3077 affuisses:
734 3007 849 3098 qualis
872 3007 1136 3098 tam'patronus
1151 3008 1310 3078 iustitiae

265 3111 335 3181 fuit
360 3116 485 3179 contra
511 3115 716 3179 accuratam
743 3110 944 3179 orationem
969 3106 1085 3179 Phili!

352 3243 537 3314 Famulus·
570 3242 695 3314 Facile
730 3244 767 3314 id
793 3245 937 3340 quidem
962 3245 1032 3348 fuit
1056 3245 1230 3316 iustitiam
1254 3242 1309 3314 iu·

266 3345 425 3417 atissimo
451 3345 531 3415 viro
566 3346 773 3429 defendere.

356 3479 574 3550 Sesavoam
616 3479 718 3560 Quid
739 3477 956 3552 amicitiami
994 3503 1116 3551 nonne
1134 3481 1243 3550 facile
1259 3480 1306 3567 ei,

267 3583 329 3674 qui
362 3583 408 3652 ob
443 3603 524 3652 eam
556 3605 698 3653 summa
728 3583 818 3670 fide,
859 3583 1062 3654 constantia
1099 3583 1308 3674 iustitiaque

266 3691 450 3756 servatam
475 3684 671 3754 maximam
692 3685 845 3776 gloriam
871 3683 1029 3776 oeperiti

366 3833 479 3906 vlu.
513 3835 575 3908 26.
622 3806 806 3907 narnus.
852 3835 938 3908 vnn
970 3836 1040 3906 hoo
1075 3833 1220 3928 quidem
1253 3842 1309 3904 est

267 3936 409 4008 afferre.
450 3937 537 4028 quid
551 3936 646 4008 enim
671 3938 784 4009 refert
810 3929 881 4032 qua
906 3937 1126 4010 moratione
1147 3933 1308 4031 cogatisi

351 4187 425 4250 Vll.
449 4191 547 4266 §.Q-l.
583 4210 647 4250 essa
668 4191 715 4270 se]
736 4211 766 4250 se
783 4213 850 4251 aare.
