<?xml version="1.0" encoding="UTF-8"?>
<!DOCTYPE html PUBLIC "-//W3C//DTD XHTML 1.0 Transitional//EN"
    "http://www.w3.org/TR/xhtml1/DTD/xhtml1-transitional.dtd">
<html xmlns="http://www.w3.org/1999/xhtml" xml:lang="en" lang="en">
 <head>
  <title>
</title>
<meta http-equiv="Content-Type" content="text/html;charset=utf-8" />
  <meta name='ocr-system' content='tesseract 3.04.00' />
  <meta name='ocr-capabilities' content='ocr_page ocr_carea ocr_par ocr_line ocrx_word'/>
</head>
<body>
  <div class='ocr_page' id='page_1' title='image "./mtulliciceronis16cicegoog_0195.png"; bbox 0 0 2850 4940; ppageno 0'>
   <div class='ocr_carea' id='block_1_1' title="bbox 184 283 1159 383">
    <p class='ocr_par' dir='ltr' id='par_1_1' title="bbox 184 283 1159 383">
     <span class='ocr_line' id='line_1_1' title="bbox 184 283 1159 383; baseline -0.005 -29"><span class='ocrx_word' id='word_1_1' title='bbox 184 291 246 355; x_wconf 82' lang='lat'><strong>182</strong></span> <span class='ocrx_word' id='word_1_2' title='bbox 272 283 760 356; x_wconf 75' lang='lat' dir='ltr'><strong>nuuosnrrouns</strong></span> <span class='ocrx_word' id='word_1_3' title='bbox 803 283 1159 383; x_wconf 62' lang='lat' dir='ltr'><strong>samnitas.</strong></span> 
     </span>
    </p>
   </div>
   <div class='ocr_carea' id='block_1_2' title="bbox 182 474 1227 554">
    <p class='ocr_par' dir='ltr' id='par_1_2' title="bbox 182 474 1227 554">
     <span class='ocr_line' id='line_1_2' title="bbox 182 474 1227 554; baseline -0.005 -15"><span class='ocrx_word' id='word_1_4' title='bbox 182 489 237 554; x_wconf 88' lang='lat' dir='ltr'><strong>est,</strong></span> <span class='ocrx_word' id='word_1_5' title='bbox 257 479 297 537; x_wconf 90' lang='lat' dir='ltr'><strong>ita</strong></span> <span class='ocrx_word' id='word_1_6' title='bbox 319 480 405 537; x_wconf 87' lang='lat' dir='ltr'><strong>etiam</strong></span> <span class='ocrx_word' id='word_1_7' title='bbox 426 478 566 536; x_wconf 85' lang='lat' dir='ltr'><strong>abiectum</strong></span> <span class='ocrx_word' id='word_1_8' title='bbox 587 477 741 536; x_wconf 63' lang='lat' dir='ltr'><strong>immaio.</strong></span> <span class='ocrx_word' id='word_1_9' title='bbox 783 492 837 534; x_wconf 87' lang='lat' dir='ltr'><strong>nec</strong></span> <span class='ocrx_word' id='word_1_10' title='bbox 854 495 925 533; x_wconf 84' lang='lat' dir='ltr'><strong>vero</strong></span> <span class='ocrx_word' id='word_1_11' title='bbox 937 474 1113 534; x_wconf 82' lang='lat' dir='ltr'><strong>sineidonea</strong></span> <span class='ocrx_word' id='word_1_12' title='bbox 1125 495 1227 534; x_wconf 69' lang='lat' dir='ltr'><strong>came</strong></span> 
     </span>
    </p>
   </div>
   <div class='ocr_carea' id='block_1_3' title="bbox 182 557 1345 638">
    <p class='ocr_par' dir='ltr' id='par_1_3' title="bbox 182 557 1345 638">
     <span class='ocr_line' id='line_1_3' title="bbox 182 557 1345 638; baseline -0.003 -16"><span class='ocrx_word' id='word_1_13' title='bbox 182 563 237 622; x_wconf 79' lang='lat' dir='ltr'><strong>lrac</strong></span> <span class='ocrx_word' id='word_1_14' title='bbox 265 565 297 621; x_wconf 89' lang='lat' dir='ltr'><strong>in</strong></span> <span class='ocrx_word' id='word_1_15' title='bbox 326 565 481 622; x_wconf 84' lang='lat' dir='ltr'><strong>sententia:</strong></span> <span class='ocrx_word' id='word_1_16' title='bbox 509 557 587 618; x_wconf 70' lang='lat' dir='ltr'><strong>nibil</strong></span> <span class='ocrx_word' id='word_1_17' title='bbox 610 575 652 620; x_wconf 82' lang='lat' dir='ltr'><strong>est</strong></span> <span class='ocrx_word' id='word_1_18' title='bbox 676 564 752 620; x_wconf 71' lang='lat' dir='ltr'><strong>enin</strong></span> <span class='ocrx_word' id='word_1_19' title='bbox 778 558 896 631; x_wconf 80' lang='lat' dir='ltr'><strong>stabile,</strong></span> <span class='ocrx_word' id='word_1_20' title='bbox 923 558 1004 638; x_wconf 75' lang='lat' dir='ltr'><strong>quod</strong></span> <span class='ocrx_word' id='word_1_21' title='bbox 1026 557 1153 638; x_wconf 74' lang='lat' dir='ltr'><strong>infidam</strong></span> <span class='ocrx_word' id='word_1_22' title='bbox 1172 574 1227 636; x_wconf 82' lang='lat' dir='ltr'><strong>est,</strong></span> <span class='ocrx_word' id='word_1_23' title='bbox 1340 623 1345 634; x_wconf 15' lang='grc' dir='ltr'><strong><em>κ</em></strong></span> 
     </span>
    </p>
   </div>
   <div class='ocr_carea' id='block_1_4' title="bbox 168 643 1232 1982">
    <p class='ocr_par' dir='ltr' id='par_1_4' title="bbox 182 643 1227 806">
     <span class='ocr_line' id='line_1_4' title="bbox 182 643 1227 721; baseline -0.005 -14"><span class='ocrx_word' id='word_1_24' title='bbox 182 648 305 707; x_wconf 82' lang='lat' dir='ltr'><strong>verbnm</strong></span> <span class='ocrx_word' id='word_1_25' title='bbox 326 649 537 705; x_wconf 85' lang='lat' dir='ltr'><strong>substantivum</strong></span> <span class='ocrx_word' id='word_1_26' title='bbox 558 645 673 704; x_wconf 84' lang='lat' dir='ltr'><strong>ridetur</strong></span> <span class='ocrx_word' id='word_1_27' title='bbox 692 647 794 720; x_wconf 85' lang='lat' dir='ltr'><strong>repeti,</strong></span> <span class='ocrx_word' id='word_1_28' title='bbox 815 643 892 720; x_wconf 80' lang='lat' dir='ltr'><strong>quod</strong></span> <span class='ocrx_word' id='word_1_29' title='bbox 908 645 960 703; x_wconf 90' lang='lat' dir='ltr'><strong>ille</strong></span> <span class='ocrx_word' id='word_1_30' title='bbox 981 647 1121 721; x_wconf 84' lang='lat' dir='ltr'><strong>maxime,</strong></span> <span class='ocrx_word' id='word_1_31' title='bbox 1143 647 1227 703; x_wconf 89' lang='lat' dir='ltr'><strong>euius</strong></span> 
     </span>
     <span class='ocr_line' id='line_1_5' title="bbox 182 731 735 806; baseline -0.004 -16"><span class='ocrx_word' id='word_1_32' title='bbox 182 734 363 806; x_wconf 88' lang='lat' dir='ltr'><strong>incorruptus</strong></span> <span class='ocrx_word' id='word_1_33' title='bbox 384 747 428 789; x_wconf 88' lang='lat' dir='ltr'><strong>est</strong></span> <span class='ocrx_word' id='word_1_34' title='bbox 449 750 568 805; x_wconf 73' lang='lat' dir='ltr'><strong>aensus,</strong></span> <span class='ocrx_word' id='word_1_35' title='bbox 589 731 735 788; x_wconf 85' lang='lat' dir='ltr'><strong>iudicebit.</strong></span> 
     </span>
    </p>

    <p class='ocr_par' dir='ltr' id='par_1_5' title="bbox 183 814 1232 1900">
     <span class='ocr_line' id='line_1_6' title="bbox 269 814 1229 888; baseline -0.003 -14"><span class='ocrx_word' id='word_1_36' title='bbox 269 815 391 876; x_wconf 79' lang='lat' dir='ltr'><strong>Ibidem.</strong></span> <span class='ocrx_word' id='word_1_37' title='bbox 434 814 601 888; x_wconf 78' lang='lat' dir='ltr'><strong>Simplicm</strong></span> <span class='ocrx_word' id='word_1_38' title='bbox 622 828 777 887; x_wconf 67' lang='lat' dir='ltr'><strong>poclm</strong></span> <span class='ocrx_word' id='word_1_39' title='bbox 803 826 831 870; x_wconf 88' lang='lat' dir='ltr'><strong>et</strong></span> <span class='ocrx_word' id='word_1_40' title='bbox 858 831 1036 870; x_wconf 76' lang='lat' dir='ltr'><strong>mmmm</strong></span> <span class='ocrx_word' id='word_1_41' title='bbox 1060 827 1088 870; x_wconf 82' lang='lat' dir='ltr'><strong>et</strong></span> <span class='ocrx_word' id='word_1_42' title='bbox 1107 833 1229 872; x_wconf 78' lang='lat' dir='ltr'><strong>consen·</strong></span> 
     </span>
     <span class='ocr_line' id='line_1_7' title="bbox 183 896 1229 976; baseline -0.004 -16"><span class='ocrx_word' id='word_1_43' title='bbox 183 903 316 972; x_wconf 64' lang='lat' dir='ltr'><strong>amem,</strong></span> <span class='ocrx_word' id='word_1_44' title='bbox 342 897 378 958; x_wconf 79' lang='lat' dir='ltr'><strong>id</strong></span> <span class='ocrx_word' id='word_1_45' title='bbox 401 913 459 971; x_wconf 85' lang='lat' dir='ltr'><strong>est,</strong></span> <span class='ocrx_word' id='word_1_46' title='bbox 491 903 543 976; x_wconf 80' lang='lat' dir='ltr'><strong>qni</strong></span> <span class='ocrx_word' id='word_1_47' title='bbox 566 897 652 956; x_wconf 81' lang='lat' dir='ltr'><strong>rebus</strong></span> <span class='ocrx_word' id='word_1_48' title='bbox 677 896 782 956; x_wconf 60' lang='lat' dir='ltr'><strong>dmm</strong></span> <span class='ocrx_word' id='word_1_49' title='bbox 807 909 969 968; x_wconf 72' lang='lat' dir='ltr'><strong>murentur,</strong></span> <span class='ocrx_word' id='word_1_50' title='bbox 998 897 1067 972; x_wconf 81' lang='lat' dir='ltr'><strong>eligi</strong></span> <span class='ocrx_word' id='word_1_51' title='bbox 1084 912 1150 971; x_wconf 63' lang='lat' dir='ltr'><strong>‘pru</strong></span> <span class='ocrx_word' id='word_1_52' title='bbox 1175 911 1229 956; x_wconf 83' lang='lat' dir='ltr'><strong>est.</strong></span> 
     </span>
     <span class='ocr_line' id='line_1_8' title="bbox 185 983 1231 1060; baseline -0.004 -18"><span class='ocrx_word' id='word_1_53' title='bbox 185 985 262 1060; x_wconf 75' lang='lat' dir='ltr'><strong>qnod</strong></span> <span class='ocrx_word' id='word_1_54' title='bbox 289 1005 344 1059; x_wconf 81' lang='lat' dir='ltr'><strong>ego</strong></span> <span class='ocrx_word' id='word_1_55' title='bbox 371 984 425 1043; x_wconf 91' lang='lat' dir='ltr'><strong>hoc</strong></span> <span class='ocrx_word' id='word_1_56' title='bbox 451 985 513 1041; x_wconf 87' lang='lat' dir='ltr'><strong>loco</strong></span> <span class='ocrx_word' id='word_1_57' title='bbox 538 983 686 1058; x_wconf 76' lang='lat' dir='ltr'><strong>volgatam</strong></span> <span class='ocrx_word' id='word_1_58' title='bbox 707 985 891 1056; x_wconf 80' lang='lat' dir='ltr'><strong>scripturam:</strong></span> <span class='ocrx_word' id='word_1_59' title='bbox 922 986 1155 1057; x_wconf 64' lang='lat' dir='ltr'><strong>munientem,</strong></span> <span class='ocrx_word' id='word_1_60' title='bbox 1176 983 1231 1059; x_wconf 75' lang='lat' dir='ltr'><strong>qui</strong></span> 
     </span>
     <span class='ocr_line' id='line_1_9' title="bbox 184 1067 1231 1139; baseline -0.006 -11"><span class='ocrx_word' id='word_1_61' title='bbox 184 1067 269 1128; x_wconf 81' lang='lat' dir='ltr'><strong>rebus</strong></span> <span class='ocrx_word' id='word_1_62' title='bbox 288 1067 394 1127; x_wconf 68' lang='lat' dir='ltr'><strong>creden</strong></span> <span class='ocrx_word' id='word_1_63' title='bbox 414 1081 571 1132; x_wconf 66' lang='lat' dir='ltr'><strong>morimur,</strong></span> <span class='ocrx_word' id='word_1_64' title='bbox 594 1069 690 1138; x_wconf 86' lang='lat' dir='ltr'><strong>reieci,</strong></span> <span class='ocrx_word' id='word_1_65' title='bbox 711 1087 797 1124; x_wconf 90' lang='lat' dir='ltr'><strong>nemo</strong></span> <span class='ocrx_word' id='word_1_66' title='bbox 819 1087 893 1123; x_wconf 90' lang='lat' dir='ltr'><strong>uuus</strong></span> <span class='ocrx_word' id='word_1_67' title='bbox 909 1067 1067 1137; x_wconf 85' lang='lat' dir='ltr'><strong>mirabitur,</strong></span> <span class='ocrx_word' id='word_1_68' title='bbox 1089 1069 1139 1139; x_wconf 77' lang='lat' dir='ltr'><strong>qui</strong></span> <span class='ocrx_word' id='word_1_69' title='bbox 1160 1085 1231 1123; x_wconf 88' lang='lat' dir='ltr'><strong>con·</strong></span> 
     </span>
     <span class='ocr_line' id='line_1_10' title="bbox 186 1144 1230 1226; baseline -0.004 -14"><span class='ocrx_word' id='word_1_70' title='bbox 186 1154 355 1212; x_wconf 83' lang='lat' dir='ltr'><strong>sideraverit</strong></span> <span class='ocrx_word' id='word_1_71' title='bbox 375 1153 446 1225; x_wconf 88' lang='lat' dir='ltr'><strong>quid</strong></span> <span class='ocrx_word' id='word_1_72' title='bbox 467 1161 495 1209; x_wconf 87' lang='lat' dir='ltr'><strong>et</strong></span> <span class='ocrx_word' id='word_1_73' title='bbox 516 1153 687 1226; x_wconf 88' lang='lat' dir='ltr'><strong>optimorum</strong></span> <span class='ocrx_word' id='word_1_74' title='bbox 708 1153 844 1209; x_wconf 87' lang='lat' dir='ltr'><strong>librorum</strong></span> <span class='ocrx_word' id='word_1_75' title='bbox 866 1153 1018 1208; x_wconf 71' lang='lat' dir='ltr'><strong>auctoritas</strong></span> <span class='ocrx_word' id='word_1_76' title='bbox 1032 1144 1066 1208; x_wconf 87' lang='lat' dir='ltr'><strong>&#39;ct</strong></span> <span class='ocrx_word' id='word_1_77' title='bbox 1087 1152 1230 1208; x_wconf 88' lang='lat' dir='ltr'><strong>sententia</strong></span> 
     </span>
     <span class='ocr_line' id='line_1_11' title="bbox 184 1227 1229 1312; baseline -0.004 -17"><span class='ocrx_word' id='word_1_78' title='bbox 184 1240 247 1312; x_wconf 90' lang='lat' dir='ltr'><strong>ipsa</strong></span> <span class='ocrx_word' id='word_1_79' title='bbox 269 1227 404 1310; x_wconf 81' lang='lat' dir='ltr'><strong>reqrrirot.</strong></span> <span class='ocrx_word' id='word_1_80' title='bbox 447 1236 510 1293; x_wconf 88' lang='lat' dir='ltr'><strong>libri</strong></span> <span class='ocrx_word' id='word_1_81' title='bbox 533 1238 610 1294; x_wconf 88' lang='lat' dir='ltr'><strong>euim</strong></span> <span class='ocrx_word' id='word_1_82' title='bbox 631 1237 730 1310; x_wconf 88' lang='lat' dir='ltr'><strong>optimi</strong></span> <span class='ocrx_word' id='word_1_83' title='bbox 752 1238 791 1293; x_wconf 84' lang='lat' dir='ltr'><strong>its</strong></span> <span class='ocrx_word' id='word_1_84' title='bbox 812 1236 848 1292; x_wconf 88' lang='lat' dir='ltr'><strong>ab</strong></span> <span class='ocrx_word' id='word_1_85' title='bbox 866 1253 901 1292; x_wconf 85' lang='lat' dir='ltr'><strong>ea</strong></span> <span class='ocrx_word' id='word_1_86' title='bbox 915 1237 1052 1308; x_wconf 85' lang='lat' dir='ltr'><strong>scriptura</strong></span> <span class='ocrx_word' id='word_1_87' title='bbox 1069 1235 1229 1306; x_wconf 86' lang='lat' dir='ltr'><strong>discedunt,</strong></span> 
     </span>
     <span class='ocr_line' id='line_1_12' title="bbox 187 1317 1230 1395; baseline -0.004 -16"><span class='ocrx_word' id='word_1_88' title='bbox 187 1331 220 1380; x_wconf 84' lang='lat' dir='ltr'><strong>ut</strong></span> <span class='ocrx_word' id='word_1_89' title='bbox 241 1318 405 1395; x_wconf 82' lang='lat' dir='ltr'><strong>Gudianus,</strong></span> <span class='ocrx_word' id='word_1_90' title='bbox 428 1319 585 1378; x_wconf 84' lang='lat' dir='ltr'><strong>l&#39;indobon.</strong></span> <span class='ocrx_word' id='word_1_91' title='bbox 606 1321 654 1390; x_wconf 91' lang='grc' dir='ltr'><strong>ΙΙ.,</strong></span> <span class='ocrx_word' id='word_1_92' title='bbox 677 1319 884 1394; x_wconf 77' lang='lat' dir='ltr'><strong>Gottiugensis,</strong></span> <span class='ocrx_word' id='word_1_93' title='bbox 907 1317 1009 1378; x_wconf 81' lang='lat' dir='ltr'><strong>Oxou.</strong></span> <span class='ocrx_word' id='word_1_94' title='bbox 1030 1317 1073 1392; x_wconf 88' lang='lat' dir='ltr'><strong>E,</strong></span> <span class='ocrx_word' id='word_1_95' title='bbox 1094 1339 1126 1394; x_wconf 87' lang='grc' dir='ltr'><strong>η,</strong></span> <span class='ocrx_word' id='word_1_96' title='bbox 1149 1339 1178 1392; x_wconf 85' lang='grc' dir='ltr'><strong>κ,</strong></span> <span class='ocrx_word' id='word_1_97' title='bbox 1200 1340 1230 1388; x_wconf 84' lang='grc' dir='ltr'><strong>ν,</strong></span> 
     </span>
     <span class='ocr_line' id='line_1_13' title="bbox 188 1400 1231 1482; baseline -0.005 -18"><span class='ocrx_word' id='word_1_98' title='bbox 188 1427 217 1480; x_wconf 88' lang='lat' dir='ltr'><strong>n,</strong></span> <span class='ocrx_word' id='word_1_99' title='bbox 240 1427 273 1478; x_wconf 87' lang='grc' dir='ltr'><strong>π,</strong></span> <span class='ocrx_word' id='word_1_100' title='bbox 295 1423 325 1482; x_wconf 86' lang='lat' dir='ltr'><strong>o,</strong></span> <span class='ocrx_word' id='word_1_101' title='bbox 348 1419 401 1481; x_wconf 72' lang='lat' dir='ltr'><strong>ua,</strong></span> <span class='ocrx_word' id='word_1_102' title='bbox 422 1404 529 1462; x_wconf 83' lang='lat' dir='ltr'><strong>Dresd.</strong></span> <span class='ocrx_word' id='word_1_103' title='bbox 553 1412 636 1478; x_wconf 70' lang='lat'><strong>106,</strong></span> <span class='ocrx_word' id='word_1_104' title='bbox 659 1402 755 1462; x_wconf 90' lang='lat' dir='ltr'><strong>Berol.</strong></span> <span class='ocrx_word' id='word_1_105' title='bbox 778 1424 807 1480; x_wconf 75' lang='grc' dir='ltr'><strong>γ.</strong></span> <span class='ocrx_word' id='word_1_106' title='bbox 829 1405 937 1477; x_wconf 85' lang='lat' dir='ltr'><strong>aliique</strong></span> <span class='ocrx_word' id='word_1_107' title='bbox 956 1400 1050 1461; x_wconf 81' lang='lat' dir='ltr'><strong>idest</strong></span> <span class='ocrx_word' id='word_1_108' title='bbox 1071 1406 1231 1460; x_wconf 81' lang='lat' dir='ltr'><strong>intercon-</strong></span> 
     </span>
     <span class='ocr_line' id='line_1_14' title="bbox 186 1485 1230 1567; baseline -0.005 -18"><span class='ocrx_word' id='word_1_109' title='bbox 186 1492 350 1550; x_wconf 59' lang='lat' dir='ltr'><strong>sementen·</strong></span> <span class='ocrx_word' id='word_1_110' title='bbox 371 1501 400 1546; x_wconf 83' lang='lat' dir='ltr'><strong>et</strong></span> <span class='ocrx_word' id='word_1_111' title='bbox 421 1492 473 1567; x_wconf 79' lang='lat' dir='ltr'><strong>poi</strong></span> <span class='ocrx_word' id='word_1_112' title='bbox 492 1491 688 1562; x_wconf 87' lang='lat' dir='ltr'><strong>interponant,</strong></span> <span class='ocrx_word' id='word_1_113' title='bbox 717 1488 794 1562; x_wconf 85' lang='lat' dir='ltr'><strong>qnod</strong></span> <span class='ocrx_word' id='word_1_114' title='bbox 814 1487 893 1544; x_wconf 89' lang='lat' dir='ltr'><strong>idem</strong></span> <span class='ocrx_word' id='word_1_115' title='bbox 913 1485 999 1547; x_wconf 79' lang='lat' dir='ltr'><strong>babet</strong></span> <span class='ocrx_word' id='word_1_116' title='bbox 1021 1485 1230 1558; x_wconf 82' lang='lat' dir='ltr'><strong>floenelianus,</strong></span> 
     </span>
     <span class='ocr_line' id='line_1_15' title="bbox 187 1573 1230 1647; baseline -0.002 -15"><span class='ocrx_word' id='word_1_117' title='bbox 187 1575 218 1632; x_wconf 87' lang='lat' dir='ltr'><strong>iu</strong></span> <span class='ocrx_word' id='word_1_118' title='bbox 246 1595 303 1647; x_wconf 88' lang='lat' dir='ltr'><strong>quo</strong></span> <span class='ocrx_word' id='word_1_119' title='bbox 330 1576 435 1632; x_wconf 86' lang='lat' dir='ltr'><strong>usitato</strong></span> <span class='ocrx_word' id='word_1_120' title='bbox 463 1573 514 1631; x_wconf 90' lang='lat' dir='ltr'><strong>illo</strong></span> <span class='ocrx_word' id='word_1_121' title='bbox 542 1573 709 1646; x_wconf 82' lang='lat' dir='ltr'><strong>compendio</strong></span> <span class='ocrx_word' id='word_1_122' title='bbox 737 1574 872 1646; x_wconf 72' lang='lat' dir='ltr'><strong>scriprturu</strong></span> <span class='ocrx_word' id='word_1_123' title='bbox 894 1583 940 1629; x_wconf 89' lang='lat' dir='ltr'><strong>est</strong></span> <span class='ocrx_word' id='word_1_124' title='bbox 958 1573 1174 1631; x_wconf 69' lang='lat' dir='ltr'><strong>concordiensem</strong></span> <span class='ocrx_word' id='word_1_125' title='bbox 1197 1575 1230 1630; x_wconf 85' lang='lat' dir='ltr'><strong>.i.</strong></span> 
     </span>
     <span class='ocr_line' id='line_1_16' title="bbox 188 1653 1232 1736; baseline -0.005 -20"><span class='ocrx_word' id='word_1_126' title='bbox 188 1657 337 1736; x_wconf 77' lang='lat' dir='ltr'><strong>qui.,&#39;lroc</strong></span> <span class='ocrx_word' id='word_1_127' title='bbox 357 1667 453 1716; x_wconf 90' lang='lat' dir='ltr'><strong>autem</strong></span> <span class='ocrx_word' id='word_1_128' title='bbox 475 1658 675 1731; x_wconf 86' lang='lat' dir='ltr'><strong>compendium</strong></span> <span class='ocrx_word' id='word_1_129' title='bbox 701 1660 731 1714; x_wconf 92' lang='lat' dir='ltr'><strong>in</strong></span> <span class='ocrx_word' id='word_1_130' title='bbox 759 1657 832 1713; x_wconf 91' lang='lat' dir='ltr'><strong>libro</strong></span> <span class='ocrx_word' id='word_1_131' title='bbox 859 1653 1041 1727; x_wconf 80' lang='lat' dir='ltr'><strong>Erfrrrtsnsi,</strong></span> <span class='ocrx_word' id='word_1_132' title='bbox 1068 1654 1152 1731; x_wconf 84' lang='lat' dir='ltr'><strong>Aug.</strong></span> <span class='ocrx_word' id='word_1_133' title='bbox 1174 1654 1232 1726; x_wconf 84' lang='grc' dir='ltr'><strong>ΙΙ.,</strong></span> 
     </span>
     <span class='ocr_line' id='line_1_17' title="bbox 188 1733 1230 1815; baseline -0.006 -13"><span class='ocrx_word' id='word_1_134' title='bbox 188 1741 348 1815; x_wconf 85' lang='lat' dir='ltr'><strong>Bemensi,</strong></span> <span class='ocrx_word' id='word_1_135' title='bbox 377 1741 565 1814; x_wconf 86' lang='lat' dir='ltr'><strong>Viurau&#39;ensi‚</strong></span> <span class='ocrx_word' id='word_1_136' title='bbox 593 1733 727 1798; x_wconf 87' lang='lat' dir='ltr'><strong>Gotbono</strong></span> <span class='ocrx_word' id='word_1_137' title='bbox 748 1739 789 1797; x_wconf 90' lang='lat' dir='ltr'><strong>ll.</strong></span> <span class='ocrx_word' id='word_1_138' title='bbox 821 1751 982 1813; x_wconf 84' lang='lat' dir='ltr'><strong>oorrupurm</strong></span> <span class='ocrx_word' id='word_1_139' title='bbox 1017 1741 1047 1796; x_wconf 90' lang='lat' dir='ltr'><strong>in</strong></span> <span class='ocrx_word' id='word_1_140' title='bbox 1073 1738 1149 1797; x_wconf 80' lang='lat' dir='ltr'><strong>idem</strong></span> <span class='ocrx_word' id='word_1_141' title='bbox 1176 1753 1230 1809; x_wconf 84' lang='lat' dir='ltr'><strong>est,</strong></span> 
     </span>
     <span class='ocr_line' id='line_1_18' title="bbox 190 1824 1232 1900; baseline -0.004 -16"><span class='ocrx_word' id='word_1_142' title='bbox 190 1825 268 1900; x_wconf 85' lang='lat' dir='ltr'><strong>quod</strong></span> <span class='ocrx_word' id='word_1_143' title='bbox 289 1827 422 1885; x_wconf 86' lang='lat' dir='ltr'><strong>videmus</strong></span> <span class='ocrx_word' id='word_1_144' title='bbox 443 1847 506 1884; x_wconf 84' lang='lat' dir='ltr'><strong>etse</strong></span> <span class='ocrx_word' id='word_1_145' title='bbox 528 1828 614 1883; x_wconf 89' lang='lat' dir='ltr'><strong>etiarn</strong></span> <span class='ocrx_word' id='word_1_146' title='bbox 635 1825 706 1882; x_wconf 84' lang='lat' dir='ltr'><strong>alias</strong></span> <span class='ocrx_word' id='word_1_147' title='bbox 726 1825 844 1882; x_wconf 82' lang='lat' dir='ltr'><strong>facturn.</strong></span> <span class='ocrx_word' id='word_1_148' title='bbox 875 1826 905 1880; x_wconf 90' lang='lat' dir='ltr'><strong>in</strong></span> <span class='ocrx_word' id='word_1_149' title='bbox 927 1827 1024 1899; x_wconf 80' lang='lat' dir='ltr'><strong>paucis</strong></span> <span class='ocrx_word' id='word_1_150' title='bbox 1045 1824 1125 1884; x_wconf 86' lang='lat' dir='ltr'><strong>libris</strong></span> <span class='ocrx_word' id='word_1_151' title='bbox 1138 1827 1232 1896; x_wconf 84' lang='lat' dir='ltr'><strong>iisque</strong></span> 
     </span>
    </p>

    <p class='ocr_par' dir='ltr' id='par_1_6' title="bbox 168 1905 1232 1982">
     <span class='ocr_line' id='line_1_19' title="bbox 168 1905 1232 1982; baseline 0.003 -20"><span class='ocrx_word' id='word_1_152' title='bbox 168 1910 379 1968; x_wconf 42' lang='lat' dir='ltr'><strong>,deterioribus</strong></span> <span class='ocrx_word' id='word_1_153' title='bbox 404 1908 478 1966; x_wconf 83' lang='lat' dir='ltr'>nihil</span> <span class='ocrx_word' id='word_1_154' title='bbox 505 1905 609 1967; x_wconf 84' lang='lat' dir='ltr'><strong>lrorum</strong></span> <span class='ocrx_word' id='word_1_155' title='bbox 636 1919 769 1982; x_wconf 75' lang='lat' dir='ltr'><strong>apparet,</strong></span> <span class='ocrx_word' id='word_1_156' title='bbox 799 1909 850 1966; x_wconf 86' lang='lat' dir='ltr'><strong>sed</strong></span> <span class='ocrx_word' id='word_1_157' title='bbox 879 1909 973 1966; x_wconf 87' lang='lat' dir='ltr'><strong>littera</strong></span> <span class='ocrx_word' id='word_1_158' title='bbox 1001 1909 1049 1965; x_wconf 87' lang='lat' dir='ltr'><strong>illo</strong></span> <span class='ocrx_word' id='word_1_159' title='bbox 1073 1912 1102 1966; x_wconf 65' lang='lat' dir='ltr'><strong>A.</strong></span> <span class='ocrx_word' id='word_1_160' title='bbox 1125 1907 1232 1966; x_wconf 78' lang='lat' dir='ltr'><strong>excidit</strong></span> 
     </span>
    </p>
   </div>
   <div class='ocr_carea' id='block_1_5' title="bbox 189 1987 1325 2068">
    <p class='ocr_par' dir='ltr' id='par_1_7' title="bbox 189 1987 1325 2068">
     <span class='ocr_line' id='line_1_20' title="bbox 189 1987 1325 2068; baseline -0.003 -17"><span class='ocrx_word' id='word_1_161' title='bbox 189 2013 316 2068; x_wconf 89' lang='lat' dir='ltr'><strong>prorsus.</strong></span> <span class='ocrx_word' id='word_1_162' title='bbox 359 1993 425 2050; x_wconf 89' lang='lat' dir='ltr'><strong>binc</strong></span> <span class='ocrx_word' id='word_1_163' title='bbox 452 1992 677 2050; x_wconf 87' lang='lat' dir='ltr'><strong>concludendum</strong></span> <span class='ocrx_word' id='word_1_164' title='bbox 708 2004 842 2066; x_wconf 88' lang='lat' dir='ltr'><strong>putarunt</strong></span> <span class='ocrx_word' id='word_1_165' title='bbox 869 1987 934 2050; x_wconf 82' lang='lat' dir='ltr'><strong>selei</strong></span> <span class='ocrx_word' id='word_1_166' title='bbox 956 1995 1041 2050; x_wconf 83' lang='lat' dir='ltr'><strong>critici</strong></span> <span class='ocrx_word' id='word_1_167' title='bbox 1064 1993 1230 2050; x_wconf 76' lang='lat' dir='ltr'><strong>eliciendum</strong></span> <span class='ocrx_word' id='word_1_168' title='bbox 1321 2041 1325 2054; x_wconf 27' lang='grc' dir='ltr'>λ</span> 
     </span>
    </p>
   </div>
   <div class='ocr_carea' id='block_1_6' title="bbox 113 2075 1289 4184">
    <p class='ocr_par' dir='ltr' id='par_1_8' title="bbox 113 2075 1289 3992">
     <span class='ocr_line' id='line_1_21' title="bbox 191 2075 1232 2152; baseline -0.003 -16"><span class='ocrx_word' id='word_1_169' title='bbox 191 2077 273 2136; x_wconf 87' lang='lat' dir='ltr'><strong>illam</strong></span> <span class='ocrx_word' id='word_1_170' title='bbox 293 2097 405 2149; x_wconf 82' lang='lat' dir='ltr'><strong>vocem,</strong></span> <span class='ocrx_word' id='word_1_171' title='bbox 428 2079 510 2151; x_wconf 85' lang='lat' dir='ltr'><strong>qrrasi</strong></span> <span class='ocrx_word' id='word_1_172' title='bbox 531 2087 607 2135; x_wconf 85' lang='lat' dir='ltr'><strong>esset</strong></span> <span class='ocrx_word' id='word_1_173' title='bbox 628 2097 644 2135; x_wconf 91' lang='lat' dir='ltr'><strong>a</strong></span> <span class='ocrx_word' id='word_1_174' title='bbox 666 2078 822 2152; x_wconf 72' lang='lat' dir='ltr'><strong>glossatore</strong></span> <span class='ocrx_word' id='word_1_175' title='bbox 843 2078 967 2149; x_wconf 88' lang='lat' dir='ltr'><strong>adiecta,</strong></span> <span class='ocrx_word' id='word_1_176' title='bbox 989 2075 1065 2152; x_wconf 83' lang='lat' dir='ltr'><strong>qrrod</strong></span> <span class='ocrx_word' id='word_1_177' title='bbox 1087 2079 1232 2150; x_wconf 86' lang='lat' dir='ltr'><strong>quamsit</strong></span> 
     </span>
     <span class='ocr_line' id='line_1_22' title="bbox 190 2159 1231 2236; baseline -0.001 -16"><span class='ocrx_word' id='word_1_178' title='bbox 190 2161 298 2220; x_wconf 85' lang='lat' dir='ltr'><strong>falsum</strong></span> <span class='ocrx_word' id='word_1_179' title='bbox 319 2174 444 2236; x_wconf 86' lang='lat' dir='ltr'><strong>apparet.</strong></span> <span class='ocrx_word' id='word_1_180' title='bbox 487 2183 573 2220; x_wconf 85' lang='lat' dir='ltr'><strong>nemo</strong></span> <span class='ocrx_word' id='word_1_181' title='bbox 594 2164 671 2220; x_wconf 87' lang='lat' dir='ltr'><strong>enim</strong></span> <span class='ocrx_word' id='word_1_182' title='bbox 692 2159 789 2219; x_wconf 80' lang='lat' dir='ltr'><strong>idest.</strong></span> <span class='ocrx_word' id='word_1_183' title='bbox 814 2164 889 2219; x_wconf 87' lang='lat' dir='ltr'><strong>iuter</strong></span> <span class='ocrx_word' id='word_1_184' title='bbox 916 2161 966 2219; x_wconf 88' lang='lat' dir='ltr'><strong>illa</strong></span> <span class='ocrx_word' id='word_1_185' title='bbox 995 2163 1082 2219; x_wconf 82' lang='lat' dir='ltr'><strong>verbo</strong></span> <span class='ocrx_word' id='word_1_186' title='bbox 1107 2164 1231 2234; x_wconf 79' lang='lat' dir='ltr'><strong>interpo-</strong></span> 
     </span>
     <span class='ocr_line' id='line_1_23' title="bbox 192 2242 1232 2322; baseline -0.004 -16"><span class='ocrx_word' id='word_1_187' title='bbox 192 2249 313 2318; x_wconf 76' lang='lat' dir='ltr'>suisset,</span> <span class='ocrx_word' id='word_1_188' title='bbox 335 2249 360 2303; x_wconf 85' lang='lat' dir='ltr'><strong>si</strong></span> <span class='ocrx_word' id='word_1_189' title='bbox 380 2248 517 2321; x_wconf 89' lang='lat' dir='ltr'><strong>scriptum</strong></span> <span class='ocrx_word' id='word_1_190' title='bbox 536 2249 711 2304; x_wconf 81' lang='lat' dir='ltr'><strong>invenisset:</strong></span> <span class='ocrx_word' id='word_1_191' title='bbox 739 2248 971 2317; x_wconf 67' lang='lat' dir='ltr'><strong>monetarum,</strong></span> <span class='ocrx_word' id='word_1_192' title='bbox 1001 2249 1053 2322; x_wconf 79' lang='lat' dir='ltr'><strong>qui</strong></span> <span class='ocrx_word' id='word_1_193' title='bbox 1072 2242 1157 2303; x_wconf 80' lang='lat' dir='ltr'><strong>rebus</strong></span> <span class='ocrx_word' id='word_1_194' title='bbox 1176 2249 1232 2302; x_wconf 89' lang='lat' dir='ltr'><strong>eis-</strong></span> 
     </span>
     <span class='ocr_line' id='line_1_24' title="bbox 192 2327 1232 2404; baseline 0 -16"><span class='ocrx_word' id='word_1_195' title='bbox 192 2327 256 2388; x_wconf 81' lang='lat' dir='ltr'><strong>dem</strong></span> <span class='ocrx_word' id='word_1_196' title='bbox 283 2344 438 2390; x_wconf 67' lang='lat' dir='ltr'><strong>moveretur.</strong></span> <span class='ocrx_word' id='word_1_197' title='bbox 481 2330 530 2387; x_wconf 91' lang='lat' dir='ltr'><strong>illa</strong></span> <span class='ocrx_word' id='word_1_198' title='bbox 552 2333 630 2388; x_wconf 79' lang='lat' dir='ltr'><strong>enirn</strong></span> <span class='ocrx_word' id='word_1_199' title='bbox 651 2330 843 2404; x_wconf 66' lang='lat' dir='ltr'><strong>explicatione</strong></span> <span class='ocrx_word' id='word_1_200' title='bbox 864 2343 952 2403; x_wconf 72' lang='lat' dir='ltr'><strong>saepe</strong></span> <span class='ocrx_word' id='word_1_201' title='bbox 971 2331 1089 2403; x_wconf 85' lang='lat' dir='ltr'><strong>quidem</strong></span> <span class='ocrx_word' id='word_1_202' title='bbox 1109 2330 1232 2389; x_wconf 78' lang='lat' dir='ltr'><strong>uteban-</strong></span> 
     </span>
     <span class='ocr_line' id='line_1_25' title="bbox 192 2413 1232 2487; baseline 0.002 -17"><span class='ocrx_word' id='word_1_203' title='bbox 192 2424 239 2472; x_wconf 91' lang='lat' dir='ltr'><strong>tur</strong></span> <span class='ocrx_word' id='word_1_204' title='bbox 259 2414 378 2484; x_wconf 85' lang='lat' dir='ltr'><strong>librarii,</strong></span> <span class='ocrx_word' id='word_1_205' title='bbox 400 2413 451 2472; x_wconf 84' lang='lat' dir='ltr'><strong>sed</strong></span> <span class='ocrx_word' id='word_1_206' title='bbox 473 2424 534 2471; x_wconf 88' lang='lat' dir='ltr'><strong>tunr</strong></span> <span class='ocrx_word' id='word_1_207' title='bbox 555 2433 619 2471; x_wconf 86' lang='lat' dir='ltr'><strong>cunr</strong></span> <span class='ocrx_word' id='word_1_208' title='bbox 640 2414 677 2471; x_wconf 93' lang='lat' dir='ltr'><strong>de</strong></span> <span class='ocrx_word' id='word_1_209' title='bbox 698 2435 751 2471; x_wconf 88' lang='lat' dir='ltr'><strong>sao</strong></span> <span class='ocrx_word' id='word_1_210' title='bbox 773 2415 882 2487; x_wconf 79' lang='lat' dir='ltr'><strong>aliqrrid</strong></span> <span class='ocrx_word' id='word_1_211' title='bbox 903 2414 1082 2472; x_wconf 78' lang='lat' dir='ltr'><strong>adtecemnu</strong></span> <span class='ocrx_word' id='word_1_212' title='bbox 1105 2432 1162 2472; x_wconf 88' lang='lat' dir='ltr'><strong>non</strong></span> <span class='ocrx_word' id='word_1_213' title='bbox 1180 2427 1232 2472; x_wconf 58' lang='lat' dir='ltr'><strong>aar</strong></span> 
     </span>
     <span class='ocr_line' id='line_1_26' title="bbox 193 2498 1233 2584; baseline -0.002 -28"><span class='ocrx_word' id='word_1_214' title='bbox 193 2509 252 2556; x_wconf 86' lang='lat' dir='ltr'><strong>tem</strong></span> <span class='ocrx_word' id='word_1_215' title='bbox 279 2499 308 2555; x_wconf 89' lang='lat' dir='ltr'><strong>in</strong></span> <span class='ocrx_word' id='word_1_216' title='bbox 336 2499 428 2573; x_wconf 88' lang='lat' dir='ltr'><strong>ipsam</strong></span> <span class='ocrx_word' id='word_1_217' title='bbox 457 2501 614 2558; x_wconf 88' lang='lat' dir='ltr'><strong>orationem</strong></span> <span class='ocrx_word' id='word_1_218' title='bbox 642 2501 705 2556; x_wconf 87' lang='lat' dir='ltr'><strong>siue</strong></span> <span class='ocrx_word' id='word_1_219' title='bbox 726 2499 827 2556; x_wconf 84' lang='lat' dir='ltr'><strong>idonee</strong></span> <span class='ocrx_word' id='word_1_220' title='bbox 849 2517 948 2560; x_wconf 81' lang='lat' dir='ltr'><strong>eeusss</strong></span> <span class='ocrx_word' id='word_1_221' title='bbox 970 2498 1157 2584; x_wconf 37' lang='lat' dir='ltr'><strong>inferebam,</strong></span> <span class='ocrx_word' id='word_1_222' title='bbox 1182 2500 1233 2572; x_wconf 82' lang='lat' dir='ltr'><strong>qrri</strong></span> 
     </span>
     <span class='ocr_line' id='line_1_27' title="bbox 113 2579 1232 2661; baseline 0.001 -23"><span class='ocrx_word' id='word_1_223' title='bbox 113 2601 117 2614; x_wconf 63' lang='lat'><em>¹</em></span> <span class='ocrx_word' id='word_1_224' title='bbox 165 2619 167 2622; x_wconf 94' lang='lat'>-</span> <span class='ocrx_word' id='word_1_225' title='bbox 192 2584 281 2658; x_wconf 81' lang='lat' dir='ltr'><strong>igitur</strong></span> <span class='ocrx_word' id='word_1_226' title='bbox 308 2579 343 2639; x_wconf 83' lang='lat' dir='ltr'><strong>id</strong></span> <span class='ocrx_word' id='word_1_227' title='bbox 367 2597 407 2640; x_wconf 81' lang='lat' dir='ltr'><strong>est</strong></span> <span class='ocrx_word' id='word_1_228' title='bbox 436 2583 551 2655; x_wconf 89' lang='lat' dir='ltr'><strong>adiecit,</strong></span> <span class='ocrx_word' id='word_1_229' title='bbox 583 2585 712 2656; x_wconf 76' lang='lat' dir='ltr'><strong>ascripsit</strong></span> <span class='ocrx_word' id='word_1_230' title='bbox 740 2585 826 2640; x_wconf 86' lang='lat' dir='ltr'><strong>etiarn</strong></span> <span class='ocrx_word' id='word_1_231' title='bbox 853 2596 1108 2661; x_wconf 28' lang='lat' dir='ltr'><strong>utrae-sequuntur</strong></span> <span class='ocrx_word' id='word_1_232' title='bbox 1128 2584 1232 2642; x_wconf 81' lang='lat' dir='ltr'><strong>verba:</strong></span> 
     </span>
     <span class='ocr_line' id='line_1_28' title="bbox 193 2663 1233 2744; baseline 0.002 -22"><span class='ocrx_word' id='word_1_233' title='bbox 193 2669 249 2744; x_wconf 79' lang='lat' dir='ltr'><strong>qui-</strong></span> <span class='ocrx_word' id='word_1_234' title='bbox 264 2663 349 2726; x_wconf 78' lang='lat' dir='ltr'><strong>robus</strong></span> <span class='ocrx_word' id='word_1_235' title='bbox 369 2665 473 2724; x_wconf 81' lang='lat' dir='ltr'><strong>eisdem</strong></span> <span class='ocrx_word' id='word_1_236' title='bbox 493 2681 656 2736; x_wconf 75' lang='lat' dir='ltr'><strong>moneretur,</strong></span> <span class='ocrx_word' id='word_1_237' title='bbox 679 2687 753 2740; x_wconf 84' lang='lat' dir='ltr'><strong>qrrae</strong></span> <span class='ocrx_word' id='word_1_238' title='bbox 774 2668 861 2726; x_wconf 84' lang='lat' dir='ltr'><strong>verba</strong></span> <span class='ocrx_word' id='word_1_239' title='bbox 883 2670 913 2724; x_wconf 93' lang='lat' dir='ltr'><strong>in</strong></span> <span class='ocrx_word' id='word_1_240' title='bbox 935 2669 1124 2740; x_wconf 68' lang='lat' dir='ltr'><strong>suspicionem</strong></span> <span class='ocrx_word' id='word_1_241' title='bbox 1145 2669 1233 2725; x_wconf 86' lang='lat' dir='ltr'><strong>inter·</strong></span> 
     </span>
     <span class='ocr_line' id='line_1_29' title="bbox 193 2749 1234 2826; baseline 0.002 -18"><span class='ocrx_word' id='word_1_242' title='bbox 193 2751 345 2826; x_wconf 89' lang='lat' dir='ltr'><strong>polationis</strong></span> <span class='ocrx_word' id='word_1_243' title='bbox 364 2771 402 2808; x_wconf 88' lang='lat' dir='ltr'><strong>no</strong></span> <span class='ocrx_word' id='word_1_244' title='bbox 414 2749 537 2809; x_wconf 90' lang='lat' dir='ltr'><strong>Beierus</strong></span> <span class='ocrx_word' id='word_1_245' title='bbox 557 2751 675 2825; x_wconf 78' lang='lat' dir='ltr'><strong>qtridem</strong></span> <span class='ocrx_word' id='word_1_246' title='bbox 695 2753 825 2824; x_wconf 72' lang='lat' dir='ltr'><strong>opinator</strong></span> <span class='ocrx_word' id='word_1_247' title='bbox 845 2750 898 2809; x_wconf 84' lang='lat' dir='ltr'><strong>bac</strong></span> <span class='ocrx_word' id='word_1_248' title='bbox 918 2753 1002 2809; x_wconf 87' lang='lat' dir='ltr'><strong>inre</strong></span> <span class='ocrx_word' id='word_1_249' title='bbox 1024 2755 1234 2812; x_wconf 79' lang='lat' dir='ltr'><strong>maximusau·</strong></span> 
     </span>
     <span class='ocr_line' id='line_1_30' title="bbox 194 2835 1234 2907; baseline 0 -14"><span class='ocrx_word' id='word_1_250' title='bbox 194 2854 245 2893; x_wconf 84' lang='lat' dir='ltr'><strong>sus</strong></span> <span class='ocrx_word' id='word_1_251' title='bbox 265 2844 309 2892; x_wconf 88' lang='lat' dir='ltr'><strong>est</strong></span> <span class='ocrx_word' id='word_1_252' title='bbox 329 2855 441 2894; x_wconf 82' lang='lat' dir='ltr'><strong>vocare.</strong></span> <span class='ocrx_word' id='word_1_253' title='bbox 484 2835 588 2894; x_wconf 88' lang='lat' dir='ltr'><strong>deinde</strong></span> <span class='ocrx_word' id='word_1_254' title='bbox 609 2837 663 2893; x_wconf 82' lang='lat' dir='ltr'><strong>vix</strong></span> <span class='ocrx_word' id='word_1_255' title='bbox 684 2847 726 2892; x_wconf 90' lang='lat' dir='ltr'><strong>est</strong></span> <span class='ocrx_word' id='word_1_256' title='bbox 749 2835 892 2907; x_wconf 81' lang='lat' dir='ltr'><strong>credibile,</strong></span> <span class='ocrx_word' id='word_1_257' title='bbox 915 2839 944 2894; x_wconf 89' lang='lat' dir='ltr'><strong>si</strong></span> <span class='ocrx_word' id='word_1_258' title='bbox 957 2846 1053 2894; x_wconf 85' lang='lat' dir='ltr'><strong>esserrt</strong></span> <span class='ocrx_word' id='word_1_259' title='bbox 1073 2837 1123 2894; x_wconf 86' lang='lat' dir='ltr'><strong>illa</strong></span> <span class='ocrx_word' id='word_1_260' title='bbox 1145 2837 1234 2893; x_wconf 83' lang='lat' dir='ltr'><strong>verba</strong></span> 
     </span>
     <span class='ocr_line' id='line_1_31' title="bbox 194 2920 1236 2996; baseline 0.002 -20"><span class='ocrx_word' id='word_1_261' title='bbox 194 2939 234 2976; x_wconf 86' lang='lat' dir='ltr'><strong>ex</strong></span> <span class='ocrx_word' id='word_1_262' title='bbox 254 2920 472 2991; x_wconf 73' lang='lat' dir='ltr'><strong>interpolatione</strong></span> <span class='ocrx_word' id='word_1_263' title='bbox 493 2930 570 2994; x_wconf 89' lang='lat' dir='ltr'><strong>orta,</strong></span> <span class='ocrx_word' id='word_1_264' title='bbox 600 2921 632 2977; x_wconf 86' lang='lat' dir='ltr'><strong>in</strong></span> <span class='ocrx_word' id='word_1_265' title='bbox 659 2921 792 2978; x_wconf 83' lang='lat' dir='ltr'><strong>omuibus</strong></span> <span class='ocrx_word' id='word_1_266' title='bbox 817 2920 915 2996; x_wconf 64' lang='lat' dir='ltr'><strong>libris,</strong></span> <span class='ocrx_word' id='word_1_267' title='bbox 942 2923 973 2977; x_wconf 88' lang='lat' dir='ltr'><strong>in</strong></span> <span class='ocrx_word' id='word_1_268' title='bbox 993 2923 1108 2994; x_wconf 87' lang='lat' dir='ltr'><strong>optimis</strong></span> <span class='ocrx_word' id='word_1_269' title='bbox 1129 2922 1236 2994; x_wconf 81' lang='lat' dir='ltr'><strong>pariter</strong></span> 
     </span>
     <span class='ocr_line' id='line_1_32' title="bbox 194 3003 1235 3078; baseline 0.001 -18"><span class='ocrx_word' id='word_1_270' title='bbox 194 3013 280 3078; x_wconf 88' lang='lat' dir='ltr'><strong>atque</strong></span> <span class='ocrx_word' id='word_1_271' title='bbox 307 3005 337 3062; x_wconf 89' lang='lat' dir='ltr'><strong>in</strong></span> <span class='ocrx_word' id='word_1_272' title='bbox 369 3003 557 3062; x_wconf 87' lang='lat' dir='ltr'><strong>deterioribus</strong></span> <span class='ocrx_word' id='word_1_273' title='bbox 583 3005 701 3077; x_wconf 71' lang='lat' dir='ltr'><strong>ascripta</strong></span> <span class='ocrx_word' id='word_1_274' title='bbox 731 3023 804 3062; x_wconf 84' lang='lat' dir='ltr'><strong>esse.</strong></span> <span class='ocrx_word' id='word_1_275' title='bbox 848 3004 884 3062; x_wconf 88' lang='lat' dir='ltr'><strong>de</strong></span> <span class='ocrx_word' id='word_1_276' title='bbox 913 3008 1052 3062; x_wconf 86' lang='lat' dir='ltr'><strong>sententie</strong></span> <span class='ocrx_word' id='word_1_277' title='bbox 1084 3015 1181 3062; x_wconf 90' lang='lat' dir='ltr'><strong>autem</strong></span> <span class='ocrx_word' id='word_1_278' title='bbox 1209 3006 1235 3062; x_wconf 82' lang='lat' dir='ltr'><strong>si</strong></span> 
     </span>
     <span class='ocr_line' id='line_1_33' title="bbox 194 3088 1234 3163; baseline 0 -19"><span class='ocrx_word' id='word_1_279' title='bbox 194 3088 358 3161; x_wconf 81' lang='lat' dir='ltr'><strong>quaerimus</strong></span> <span class='ocrx_word' id='word_1_280' title='bbox 379 3089 432 3146; x_wconf 80' lang='lat' dir='ltr'><strong>vix</strong></span> <span class='ocrx_word' id='word_1_281' title='bbox 454 3089 606 3162; x_wconf 73' lang='lat' dir='ltr'><strong>quisquam</strong></span> <span class='ocrx_word' id='word_1_282' title='bbox 628 3090 730 3161; x_wconf 91' lang='lat' dir='ltr'><strong>poterit</strong></span> <span class='ocrx_word' id='word_1_283' title='bbox 751 3101 857 3163; x_wconf 76' lang='lat' dir='ltr'><strong>negare</strong></span> <span class='ocrx_word' id='word_1_284' title='bbox 877 3109 929 3162; x_wconf 86' lang='lat' dir='ltr'><strong>per</strong></span> <span class='ocrx_word' id='word_1_285' title='bbox 949 3109 981 3148; x_wconf 83' lang='lat' dir='ltr'><strong>se</strong></span> <span class='ocrx_word' id='word_1_286' title='bbox 997 3090 1092 3162; x_wconf 85' lang='lat' dir='ltr'><strong>ipsum</strong></span> <span class='ocrx_word' id='word_1_287' title='bbox 1107 3089 1234 3146; x_wconf 86' lang='lat' dir='ltr'><strong>diciuon</strong></span> 
     </span>
     <span class='ocr_line' id='line_1_34' title="bbox 194 3169 1240 3254; baseline 0.007 -26"><span class='ocrx_word' id='word_1_288' title='bbox 194 3191 295 3245; x_wconf 84' lang='lat' dir='ltr'><strong>posse:</strong></span> <span class='ocrx_word' id='word_1_289' title='bbox 326 3174 558 3248; x_wconf 71' lang='lat' dir='ltr'><strong>consentientes,</strong></span> <span class='ocrx_word' id='word_1_290' title='bbox 585 3177 637 3254; x_wconf 75' lang='lat' dir='ltr'><strong>qui</strong></span> <span class='ocrx_word' id='word_1_291' title='bbox 656 3170 741 3232; x_wconf 82' lang='lat' dir='ltr'><strong>rebus</strong></span> <span class='ocrx_word' id='word_1_292' title='bbox 761 3169 865 3232; x_wconf 78' lang='lat' dir='ltr'><strong>eisdem</strong></span> <span class='ocrx_word' id='word_1_293' title='bbox 884 3186 1045 3244; x_wconf 73' lang='lat' dir='ltr'><strong>moneretur,</strong></span> <span class='ocrx_word' id='word_1_294' title='bbox 1074 3173 1151 3250; x_wconf 87' lang='lat' dir='ltr'><strong>quod</strong></span> <span class='ocrx_word' id='word_1_295' title='bbox 1171 3183 1240 3236; x_wconf 81' lang='lat' dir='ltr'><strong>tunt.</strong></span> 
     </span>
     <span class='ocr_line' id='line_1_35' title="bbox 195 3255 1234 3330; baseline 0.002 -18"><span class='ocrx_word' id='word_1_296' title='bbox 195 3256 311 3314; x_wconf 90' lang='lat' dir='ltr'><strong>demum</strong></span> <span class='ocrx_word' id='word_1_297' title='bbox 339 3256 393 3313; x_wconf 90' lang='lat' dir='ltr'><strong>dici</strong></span> <span class='ocrx_word' id='word_1_298' title='bbox 421 3268 532 3328; x_wconf 86' lang='lat' dir='ltr'><strong>posset,</strong></span> <span class='ocrx_word' id='word_1_299' title='bbox 560 3259 583 3315; x_wconf 90' lang='lat' dir='ltr'><strong>si</strong></span> <span class='ocrx_word' id='word_1_300' title='bbox 611 3255 782 3317; x_wconf 84' lang='lat' dir='ltr'><strong>haberemus</strong></span> <span class='ocrx_word' id='word_1_301' title='bbox 812 3258 898 3315; x_wconf 87' lang='lat' dir='ltr'><strong>etium</strong></span> <span class='ocrx_word' id='word_1_302' title='bbox 931 3259 1234 3330; x_wconf 83' lang='lat' dir='ltr'><strong>consentientem,</strong></span> 
     </span>
     <span class='ocr_line' id='line_1_36' title="bbox 195 3339 1276 3416; baseline 0.002 -20"><span class='ocrx_word' id='word_1_303' title='bbox 195 3341 256 3412; x_wconf 89' lang='lat' dir='ltr'><strong>qui</strong></span> <span class='ocrx_word' id='word_1_304' title='bbox 277 3359 347 3398; x_wconf 88' lang='lat' dir='ltr'><strong>unu</strong></span> <span class='ocrx_word' id='word_1_305' title='bbox 369 3339 505 3397; x_wconf 88' lang='lat' dir='ltr'><strong>eisdem</strong></span> <span class='ocrx_word' id='word_1_306' title='bbox 526 3341 635 3398; x_wconf 89' lang='lat' dir='ltr'><strong>rebus</strong></span> <span class='ocrx_word' id='word_1_307' title='bbox 655 3351 853 3413; x_wconf 81' lang='lat' dir='ltr'><strong>moveatur,</strong></span> <span class='ocrx_word' id='word_1_308' title='bbox 875 3342 953 3416; x_wconf 88' lang='lat' dir='ltr'><strong>quod</strong></span> <span class='ocrx_word' id='word_1_309' title='bbox 972 3341 1036 3398; x_wconf 88' lang='lat' dir='ltr'><strong>fieri</strong></span> <span class='ocrx_word' id='word_1_310' title='bbox 1057 3359 1114 3398; x_wconf 92' lang='lat' dir='ltr'><strong>nou</strong></span> <span class='ocrx_word' id='word_1_311' title='bbox 1132 3351 1233 3414; x_wconf 89' lang='lat' dir='ltr'><strong>potest.</strong></span> <span class='ocrx_word' id='word_1_312' title='bbox 1270 3351 1276 3359; x_wconf 79' lang='grc'><strong>“</strong></span> 
     </span>
     <span class='ocr_line' id='line_1_37' title="bbox 195 3423 1235 3501; baseline 0.002 -24"><span class='ocrx_word' id='word_1_313' title='bbox 195 3425 220 3479; x_wconf 87' lang='lat' dir='ltr'><strong>is</strong></span> <span class='ocrx_word' id='word_1_314' title='bbox 242 3423 319 3480; x_wconf 89' lang='lat' dir='ltr'><strong>euim</strong></span> <span class='ocrx_word' id='word_1_315' title='bbox 339 3443 398 3480; x_wconf 92' lang='lat' dir='ltr'><strong>non</strong></span> <span class='ocrx_word' id='word_1_316' title='bbox 420 3433 495 3482; x_wconf 87' lang='lat' dir='ltr'><strong>esset</strong></span> <span class='ocrx_word' id='word_1_317' title='bbox 521 3427 709 3487; x_wconf 88' lang='lat' dir='ltr'><strong>consentiens.</strong></span> <span class='ocrx_word' id='word_1_318' title='bbox 752 3426 850 3501; x_wconf 86' lang='lat' dir='ltr'><strong>itaque</strong></span> <span class='ocrx_word' id='word_1_319' title='bbox 871 3427 956 3484; x_wconf 87' lang='lat' dir='ltr'><strong>etlam</strong></span> <span class='ocrx_word' id='word_1_320' title='bbox 978 3425 1087 3500; x_wconf 89' lang='lat' dir='ltr'><strong>aliena,</strong></span> <span class='ocrx_word' id='word_1_321' title='bbox 1109 3447 1146 3483; x_wconf 89' lang='lat' dir='ltr'><strong>ue</strong></span> <span class='ocrx_word' id='word_1_322' title='bbox 1169 3444 1235 3500; x_wconf 61' lang='lat' dir='ltr'><strong>gra„</strong></span> 
     </span>
     <span class='ocr_line' id='line_1_38' title="bbox 195 3508 1234 3584; baseline 0.002 -20"><span class='ocrx_word' id='word_1_323' title='bbox 195 3508 261 3565; x_wconf 83' lang='lat' dir='ltr'><strong>vius</strong></span> <span class='ocrx_word' id='word_1_324' title='bbox 289 3508 437 3582; x_wconf 81' lang='lat' dir='ltr'><strong>quidpiam</strong></span> <span class='ocrx_word' id='word_1_325' title='bbox 464 3508 571 3581; x_wconf 90' lang='lat' dir='ltr'><strong>dicam,</strong></span> <span class='ocrx_word' id='word_1_326' title='bbox 600 3510 735 3584; x_wconf 79' lang='lat' dir='ltr'><strong>volgatae</strong></span> <span class='ocrx_word' id='word_1_327' title='bbox 765 3511 919 3583; x_wconf 83' lang='lat' dir='ltr'><strong>scripturae</strong></span> <span class='ocrx_word' id='word_1_328' title='bbox 946 3511 1071 3568; x_wconf 85' lang='lat' dir='ltr'><strong>subiecta</strong></span> <span class='ocrx_word' id='word_1_329' title='bbox 1094 3510 1234 3568; x_wconf 88' lang='lat' dir='ltr'><strong>sententia</strong></span> 
     </span>
     <span class='ocr_line' id='line_1_39' title="bbox 196 3586 1289 3668; baseline 0.002 -20"><span class='ocrx_word' id='word_1_330' title='bbox 196 3600 255 3662; x_wconf 88' lang='lat' dir='ltr'><strong>est,</strong></span> <span class='ocrx_word' id='word_1_331' title='bbox 287 3611 375 3664; x_wconf 73' lang='lat' dir='ltr'><strong>qurum</strong></span> <span class='ocrx_word' id='word_1_332' title='bbox 395 3594 484 3649; x_wconf 87' lang='lat' dir='ltr'><strong>miror</strong></span> <span class='ocrx_word' id='word_1_333' title='bbox 503 3586 630 3667; x_wconf 81' lang='lat' dir='ltr'><strong>potuisse</strong></span> <span class='ocrx_word' id='word_1_334' title='bbox 652 3591 840 3668; x_wconf 81' lang='lat' dir='ltr'><strong>Gembardo,</strong></span> <span class='ocrx_word' id='word_1_335' title='bbox 871 3592 994 3668; x_wconf 81' lang='lat' dir='ltr'><strong>Belem,</strong></span> <span class='ocrx_word' id='word_1_336' title='bbox 1026 3591 1139 3652; x_wconf 90' lang='lat' dir='ltr'><strong>Orellio</strong></span> <span class='ocrx_word' id='word_1_337' title='bbox 1160 3594 1234 3650; x_wconf 80' lang='lat' dir='ltr'><strong>ocrrti</strong></span> <span class='ocrx_word' id='word_1_338' title='bbox 1281 3622 1289 3629; x_wconf 53' lang='grc'><strong>«</strong></span> 
     </span>
     <span class='ocr_line' id='line_1_40' title="bbox 195 3674 1235 3752; baseline 0.002 -21"><span class='ocrx_word' id='word_1_339' title='bbox 195 3675 293 3749; x_wconf 74' lang='lat' dir='ltr'><strong>ingeni</strong></span> <span class='ocrx_word' id='word_1_340' title='bbox 314 3674 478 3734; x_wconf 86' lang='lat' dir='ltr'><strong>hominibus</strong></span> <span class='ocrx_word' id='word_1_341' title='bbox 499 3679 623 3751; x_wconf 83' lang='lat' dir='ltr'><strong>probari.</strong></span> <span class='ocrx_word' id='word_1_342' title='bbox 665 3688 733 3736; x_wconf 88' lang='lat' dir='ltr'><strong>sunt</strong></span> <span class='ocrx_word' id='word_1_343' title='bbox 753 3688 856 3736; x_wconf 84' lang='lat' dir='ltr'><strong>autem</strong></span> <span class='ocrx_word' id='word_1_344' title='bbox 870 3677 901 3736; x_wconf 89' lang='lat' dir='ltr'><strong>bi</strong></span> <span class='ocrx_word' id='word_1_345' title='bbox 923 3679 1102 3752; x_wconf 85' lang='lat' dir='ltr'><strong>potissimum</strong></span> <span class='ocrx_word' id='word_1_346' title='bbox 1121 3678 1175 3734; x_wconf 91' lang='lat' dir='ltr'><strong>loci</strong></span> <span class='ocrx_word' id='word_1_347' title='bbox 1196 3679 1235 3734; x_wconf 89' lang='lat' dir='ltr'><strong>ita</strong></span> 
     </span>
     <span class='ocr_line' id='line_1_41' title="bbox 136 3761 1235 3838; baseline 0.002 -23"><span class='ocrx_word' id='word_1_348' title='bbox 136 3828 139 3835; x_wconf 25' lang='grc' dir='ltr'><strong><em>Δ</em></strong></span> <span class='ocrx_word' id='word_1_349' title='bbox 196 3762 360 3832; x_wconf 86' lang='lat' dir='ltr'><strong>comparati,</strong></span> <span class='ocrx_word' id='word_1_350' title='bbox 383 3772 415 3817; x_wconf 93' lang='lat' dir='ltr'><strong>ut</strong></span> <span class='ocrx_word' id='word_1_351' title='bbox 436 3761 519 3819; x_wconf 89' lang='lat' dir='ltr'><strong>facile</strong></span> <span class='ocrx_word' id='word_1_352' title='bbox 540 3764 667 3820; x_wconf 80' lang='lat' dir='ltr'><strong>criticmn</strong></span> <span class='ocrx_word' id='word_1_353' title='bbox 688 3765 718 3818; x_wconf 90' lang='lat' dir='ltr'><strong>in</strong></span> <span class='ocrx_word' id='word_1_354' title='bbox 741 3782 866 3821; x_wconf 87' lang='lat' dir='ltr'><strong>errorem</strong></span> <span class='ocrx_word' id='word_1_355' title='bbox 887 3764 1015 3838; x_wconf 81' lang='lat' dir='ltr'><strong>rapiant,</strong></span> <span class='ocrx_word' id='word_1_356' title='bbox 1036 3763 1092 3820; x_wconf 87' lang='lat' dir='ltr'><strong>nisi</strong></span> <span class='ocrx_word' id='word_1_357' title='bbox 1113 3763 1139 3820; x_wconf 79' lang='lat' dir='ltr'><strong>is</strong></span> <span class='ocrx_word' id='word_1_358' title='bbox 1154 3770 1235 3818; x_wconf 90' lang='lat' dir='ltr'><strong>oaute</strong></span> 
     </span>
     <span class='ocr_line' id='line_1_42' title="bbox 131 3838 1236 3926; baseline 0.004 -27"><span class='ocrx_word' id='word_1_359' title='bbox 131 3838 136 3851; x_wconf 68' lang='grc'>”</span> <span class='ocrx_word' id='word_1_360' title='bbox 196 3843 451 3918; x_wconf 86' lang='lat' dir='ltr'><strong>circumspecteque</strong></span> <span class='ocrx_word' id='word_1_361' title='bbox 478 3845 637 3920; x_wconf 75' lang='lat' dir='ltr'><strong>considerat</strong></span> <span class='ocrx_word' id='word_1_362' title='bbox 662 3849 757 3905; x_wconf 84' lang='lat' dir='ltr'><strong>omniu</strong></span> <span class='ocrx_word' id='word_1_363' title='bbox 784 3857 884 3926; x_wconf 85' lang='lat' dir='ltr'><strong>estque</strong></span> <span class='ocrx_word' id='word_1_364' title='bbox 915 3842 998 3906; x_wconf 88' lang='lat' dir='ltr'><strong>liberi</strong></span> <span class='ocrx_word' id='word_1_365' title='bbox 1024 3849 1111 3908; x_wconf 85' lang='lat' dir='ltr'><strong>etiam</strong></span> <span class='ocrx_word' id='word_1_366' title='bbox 1137 3847 1169 3904; x_wconf 90' lang='lat' dir='ltr'><strong>in</strong></span> <span class='ocrx_word' id='word_1_367' title='bbox 1189 3843 1236 3906; x_wconf 84' lang='lat' dir='ltr'><strong>his</strong></span> 
     </span>
     <span class='ocr_line' id='line_1_43' title="bbox 196 3929 616 3992; baseline 0.017 -9"><span class='ocrx_word' id='word_1_368' title='bbox 196 3929 393 3986; x_wconf 84' lang='lat' dir='ltr'><strong>minutissimis</strong></span> <span class='ocrx_word' id='word_1_369' title='bbox 412 3929 499 3988; x_wconf 87' lang='lat' dir='ltr'><strong>rebus</strong></span> <span class='ocrx_word' id='word_1_370' title='bbox 519 3931 616 3992; x_wconf 83' lang='lat' dir='ltr'><strong>iudici.</strong></span> 
     </span>
    </p>

    <p class='ocr_par' dir='ltr' id='par_1_9' title="bbox 198 4008 1235 4184">
     <span class='ocr_line' id='line_1_44' title="bbox 200 4008 1234 4092; baseline 0.004 -28"><span class='ocrx_word' id='word_1_371' title='bbox 200 4057 202 4064; x_wconf 94' lang='lat'><em>.</em></span> <span class='ocrx_word' id='word_1_372' title='bbox 282 4010 400 4072; x_wconf 87' lang='lat' dir='ltr'><strong>lbidem.</strong></span> <span class='ocrx_word' id='word_1_373' title='bbox 442 4035 516 4089; x_wconf 80' lang='lat' dir='ltr'><strong>quoe</strong></span> <span class='ocrx_word' id='word_1_374' title='bbox 530 4019 679 4089; x_wconf 69' lang='lat' dir='ltr'><strong>pertineret</strong></span> <span class='ocrx_word' id='word_1_375' title='bbox 698 4017 797 4072; x_wconf 80' lang='lat' dir='ltr'><strong>omniu</strong></span> <span class='ocrx_word' id='word_1_376' title='bbox 817 4012 860 4073; x_wconf 79' lang='lat' dir='ltr'><strong>ud</strong></span> <span class='ocrx_word' id='word_1_377' title='bbox 877 4037 955 4087; x_wconf 80' lang='lat' dir='ltr'><strong>eunt,</strong></span> <span class='ocrx_word' id='word_1_378' title='bbox 985 4035 1072 4092; x_wconf 81' lang='lat' dir='ltr'><strong>quum</strong></span> <span class='ocrx_word' id='word_1_379' title='bbox 1098 4016 1159 4071; x_wconf 82' lang='lat' dir='ltr'><strong>lum</strong></span> <span class='ocrx_word' id='word_1_380' title='bbox 1180 4008 1234 4069; x_wconf 60' lang='lat' dir='ltr'><strong>do.</strong></span> 
     </span>
     <span class='ocr_line' id='line_1_45' title="bbox 198 4090 1235 4184; baseline -0.011 -21"><span class='ocrx_word' id='word_1_381' title='bbox 198 4090 268 4154; x_wconf 66' lang='lat' dir='ltr'><strong>‘lum</strong></span> <span class='ocrx_word' id='word_1_382' title='bbox 296 4105 403 4168; x_wconf 66' lang='lat' dir='ltr'><strong>remo,</strong></span> <span class='ocrx_word' id='word_1_383' title='bbox 431 4103 633 4160; x_wconf 73' lang='lat' dir='ltr'><strong>coenantium.</strong></span> <span class='ocrx_word' id='word_1_384' title='bbox 676 4102 717 4160; x_wconf 87' lang='lat' dir='ltr'><strong>sic</strong></span> <span class='ocrx_word' id='word_1_385' title='bbox 743 4099 808 4159; x_wconf 89' lang='lat' dir='ltr'><strong>libri</strong></span> <span class='ocrx_word' id='word_1_386' title='bbox 837 4102 935 4178; x_wconf 85' lang='lat' dir='ltr'><strong>optimi</strong></span> <span class='ocrx_word' id='word_1_387' title='bbox 962 4119 995 4159; x_wconf 89' lang='lat' dir='ltr'><strong>ac</strong></span> <span class='ocrx_word' id='word_1_388' title='bbox 1021 4097 1139 4184; x_wconf 79' lang='lat' dir='ltr'><strong>plurimi</strong></span> <span class='ocrx_word' id='word_1_389' title='bbox 1159 4095 1235 4159; x_wconf 85' lang='lat' dir='ltr'><strong>buno</strong></span> 
     </span>
    </p>
   </div>
   <div class='ocr_carea' id='block_1_7' title="bbox 0 0 1449 4939">
    <p class='ocr_par' dir='ltr' id='par_1_10' title="bbox 0 0 1449 4939">
     <span class='ocr_line' id='line_1_46' title="bbox 0 0 1449 4939; baseline 0 0"><span class='ocrx_word' id='word_1_390' title='bbox 0 0 1449 4939; x_wconf 95' lang='lat' dir='ltr'><strong> </strong></span> 
     </span>
    </p>
   </div>
  </div>
 </body>
</html>
