2868 4958
281 368 642 478 ιιιιιιιιιιιιιιι.
687 377 1057 516 manutium.
1142 413 1186 478 ιι

145 603 282 686 eisdem
314 601 423 669 rebus
456 579 625 669 movetur
654 610 855 690 naturaque.
887 599 1082 685 consentit,
1122 589 1186 672 aul

143 705 236 774 fidus
263 708 326 772 aut
350 701 490 771 stabilis
517 707 752 792 potestesse.
812 699 1030 772 Addendnm
1057 703 1185 772 eodem

144 814 217 891 est,
258 815 299 874 ut
330 825 377 872 ne
410 797 617 890 criminibus
650 793 713 871 ant
751 800 947 872 inferendis
987 804 1187 876 delectetur

124 917 208 976 aut
233 905 358 974 credat
376 887 526 991 oblatis3
552 923 645 994 quae
671 902 850 992 pertinent
872 903 993 973 omnia
1018 905 1066 974 ad
1092 927 1184 992 eam,

143 1013 253 1100 qnam
284 1006 357 1074 iarn
391 1005 525 1075 dadum
554 1008 695 1088 tracto,
740 1004 990 1076 constantiam.
1055 1004 1115 1076 Ita
1146 1007 1186 1076 fit

144 1129 271 1178 verum
296 1105 403 1192 illud,
437 1105 535 1196 qaod
560 1104 661 1206 initio
689 1105 783 1190 dixi,
818 1105 1011 1176 amicitiam
1036 1107 1107 1178 nisi
1131 1109 1185 1178 in
1260 1185 1261 1192 ι

147 1218 201 1278 ter
226 1210 343 1278 bonos
381 1229 463 1277 esse
496 1229 568 1275 ιιοιι
602 1228 722 1296 posse.
775 1213 828 1276 est
864 1207 958 1277 enim
991 1208 1077 1277 boni
1103 1209 1183 1295 viri,

143 1333 251 1404 quem
277 1309 430 1418 ιιιιιάιιιι
462 1303 660 1397 sapientem
696 1308 778 1377 licet
811 1295 959 1394 dicere,
986 1307 1078 1378 baec
1112 1311 1184 1380 dno

144 1419 268 1490 tenere
303 1409 341 1479 in
373 1391 548 1493 amicitia.
586 1411 752 1498 primum,
786 1431 832 1478 ae
864 1409 949 1501 quid
984 1410 1106 1479 lictum
1139 1412 1186 1481 sn
1298 1423 1301 1432 ’
1428 1411 1429 1450 ³

141 1531 255 1592 neve
268 1510 508 1600 simulatum3
535 1515 660 1599 aperte
694 1511 790 1579 enim
821 1510 881 1579 vel
914 1511 1035 1580 odisse
1068 1512 1185 1603 magis

142 1611 290 1706 ingenui
329 1617 385 1680 est
417 1633 531 1702 ιιιιιιιιι
567 1611 689 1680 fronte
729 1611 911 1681 occultare
949 1614 1112 1682 sentent}
1105 1636 1182 1684 nn

32 1739 39 1745 ·
142 1716 275 1786 deinde
300 1735 374 1782 non
399 1713 517 1788 solnm
543 1712 732 1804 abaliquo
757 1713 890 1782 allatas
916 1715 1184 1786 criminationes

141 1815 338 1908 repellere,
364 1815 428 1882 sed
455 1836 502 1882 ne
512 1813 645 1904 ipsum
670 1814 814 1904 quidem
836 1836 918 1883 esse
944 1815 1184 1906 suspiciosum
1297 1847 1299 1859 ·
1428 1815 1429 1848 n

142 1940 285 2007 semper
312 1915 445 2006 aliquid
472 1914 737 1984 enistimant'em
762 1916 808 1984 ab
828 1915 943 1985 amico
971 1939 1053 1986 esse
1069 1919 1184 1986 viola·

142 2026 229 2088 turns
281 2017 342 2088 66.
369 2017 535 2087 Accedat
559 2015 629 2084 hnc
654 2016 816 2086 suavitas
843 2018 1021 2108 quaedam
1042 2025 1186 2110 oportet

141 2142 286 2190 scrrnon
303 2123 349 2186 ιιι
375 2122 481 2209 alque
501 2113 647 2185 'moram
683 2115 772 2188 haut
798 2121 976 2209 quaquam
1003 2121 1184 2188 mediocre

142 2221 408 2290 condimentum
425 2218 623 2286 amicitiae:
651 2217 794 2288 tristitia
821 2226 942 2294 autem
968 2226 1004 2287 et
1029 2220 1184 2290 inomni

141 2339 196 2392 re'
216 2321 395 2391 severitas
413 2319 544 2388 “babet¹
573 2320 635 2388 illa
667 2319 811 2410 quidem
844 2321 1077 2412 gmvitatem,
1118 2325 1191 2392 sed

141 2419 302 2493 amicitia·
330 2421 516 2491 remissior
548 2442 630 2491 csse
661 2422 772 2490 debet
805 2429 840 2491 et
871 2419 1019 2499 liberior
1045 2430 1081 2492 et
1107 2424 1182 2494 dnl-

140 2525 219 2596 cior
259 2531 302 2601 ct
343 2524 397 2613 ad
446 2542 589 2607 omnem
617 2523 842 2614 'comitatem
895 2524 1184 2616 facilitatemque

141 2625 348 2718 proclivior.

243 2791 354 2863 XIX.
381 2791 442 2864 67.
482 2789 638 2862 Exsistit
663 2796 785 2862 autem
809 2790 880 2862 hoc
899 2791 1182 2884 locaquaedam

140 2896 305 2987 quaestio
345 2893 587 2966 subdifficilisr
629 2914 715 2964 ιιιιιιι
750 2895 896 2986 quando
938 2894 1045 2964 antici
1083 2895 1181 2982 nord,

19 3033 21 3038 ·
140 2997 242 3088 digni
265 2996 458 3082 amicitia,
500 2995 690 3064 ¹'veteribus
733 2996 816 3066 sint‘
844 2996 1103 3086 anteponendi,
1144 3005 1184 3069 ut

140 3099 401 3189 eqniscvetnlis
427 3104 571 3167 teneros
597 3102 816 3186 anteponere
841 3097 1012 3167 solemus.
1044 3137 1095 3150 --
1130 3099 1183 3166 in·

145 3201 257 3288 digna
281 3199 459 3268 dubitatio
485 3195 649 3267 homine!
702 3219 776 3267 non
809 3198 905 3267 enim
938 3198 1070 3267 debent
1101 3219 1184 3270 essc

140 3297 499 3370 erraticitiar'nm'sic'ut
515 3300 666 3368 aliarum
691 3321 811 3370 rernm
829 3300 1027 3371 satietates.
1066 3306 1182 3370 veter·

140 3402 234 3471 rima
258 3411 439 3492 quaeqae.
465 3401 686 3486 atratino,
713 3422 806 3490 quac
821 3407 1036 3472 vetustatem
1049 3403 1182 3486 ierunt,

141 3523 227 3572 esse
247 3504 380 3572 debent
402 3503 636 3572 suavissima:
664 3523 862 3593 veramque
883 3503 972 3574 illud
987 3509 1060 3588 est,
1087 3505 1184 3594 qaod

144 3603 295 3690 dicitnr,
330 3605 465 3674 multos
488 3603 631 3674 modios
653 3603 745 3676 salis
771 3604 879 3676 simul
904 3604 1064 3675 edendos
1090 3625 1183 3690 esse,

25 3715 30 3722 '
140 3711 182 3774 nt
207 3706 388 3776 anricitiac
415 3727 544 3774 munus
571 3706 754 3796 expletum
779 3705 837 3774 sit.
897 3703 958 3774 68.
994 3700 1185 3774 Novitatas

140 3813 263 3876 autem
296 3807 328 3876 si
361 3829 463 3896 spem
495 3805 668 3891 afferunt,
705 3813 744 3874 ut
779 3817 960 3896 tamquam
993 3803 1030 3872 in
1063 3803 1210 3873 herbis

142 3929 219 3976 ιιοιι
244 3909 436 3978 fallacibus
470 3909 611 3978 fructus
647 3913 838 3996 appareat,
880 3927 952 3975 non
986 3913 1070 3976 sunt
1095 3907 1185 3997 ,illae

137 4063 451 4090 »ψῃ-...-

228 4157 323 4219 ΧΙΧ.
347 4163 441 4234 667.
475 4159 611 4218 dubitatio
639 4155 770 4238 bomine]
806 4153 920 4218 bonoim
941 4155 1094 4220 dubitatio.
1138 4157 1186 4218 dc·

142 4243 211 4303 beat
231 4264 295 4304 esse
316 4243 519 4322 amicitiarum]
550 4246 743 4320 curicitiapnm
764 4240 865 4304 dodau
884 4263 953 4304 esec.
