2850 4940
366 349 993 426 nersnntx'csmscn.
1092 300 1191 424 'aaa'

163 545 299 620 Blossios
321 545 483 619 Cumanus,
512 542 612 621 hospes
623 545 767 626 fumidae
783 559 908 624 mnae,
940 545 1095 623 Scaevola,
1125 547 1190 608 cusi

162 633 207 694 ad
224 655 286 706 πως
299 635 351 710 qui
370 629 488 690 adrem
501 630 628 689 Laenati
641 645 668 688 et
682 629 806 705 Rupilio
825 630 986 691 concidibus
1006 637 1039 692 iat
1058 633 1187 707 coneilio,

161 717 345 792 deprecotm
364 719 494 790 amiitat,
516 712 591 774 donc
611 729 644 773 att
663 711 719 774 sibi
737 719 908 790 ignoscerem
928 738 1058 776 canosam
1078 718 1188 800 affers-

161 802 213 862 dat
232 815 284 860 etc.
327 811 357 860 at
376 821 470 874 usqne
490 803 628 859 sententia
648 821 742 874 neque
763 801 899 860 librorum
914 804 1107 861 testimoninm
1122 804 1188 862 vol-

160 899 257 964 gatam
278 884 351 944 hanc
371 887 537 959 scripturam
557 885 701 960 defendit3
729 887 760 942 in
791 887 813 942 li
832 889 870 944 ris
892 891 968 944 enim
989 890 1102 961 optimis
1123 886 1187 946 Gn-

162 975 248 1031 disno
268 981 297 1028 et
316 967 442 1029 Vindob.
464 967 502 1028 ΙΙ.
524 1001 567 1014 -·
586 968 762 1028 Erinrtensis
782 971 859 1028 enim
874 963 967 1030 ¹verba
988 970 1031 1030 od
1047 993 1106 1047 ma,
1137 975 1188 1050 qni

160 1056 247 1134 plane
268 1056 371 1114 omittit
390 1087 433 1098 -
473 1074 525 1128 pro
545 1051 588 1112 nd
604 1075 649 1112 aaa
668 1058 719 1132 qni
738 1055 843 1130 legitur
862 1053 906 1114 od
923 1077 967 1114 ine
990 1053 1076 1134 qnod,
1099 1057 1186 1131 idque

161 1141 283 1200 aliorum
304 1141 390 1198 etiam
411 1138 547 1198 librorum
567 1140 670 1196 indicio
683 1139 858 1199 'vindicatus
901 1138 980 1218 qnod
998 1133 1187 1200 ederom‘he

161 1227 232 1285 bant
252 1225 337 1284 ctiam
357 1223 488 1298 August.
510 1223 558 1295 il„
579 1220 692 1284 Vimar.
714 1244 759 1298 ap.
783 1221 1000 1300 Gernhardnm,
1031 1223 1186 1300 Bernaba,

160 1308 244 1384 Lips.
267 1330 309 1381 aa,
331 1306 429 1367 Berol.
450 1308 577 1386 y.'apnd
597 1305 746 1384 Baiarum,
769 1307 950 1368 oxonienses
972 1331 999 1385 ν,
1022 1329 1051 1369 σ.
1073 1309 1133 1382 alii,
1155 1321 1187 1368 nt

160 1392 290 1454 Vindob.
310 1391 335 1452 Ι.
342 1435 354 1465 ,
375 1391 511 1464 floenel»,
532 1391 638 1451 Drssd.
662 1399 732 1453 106.
755 1396 830 1466 apud
848 1392 1007 1468 Beiernm‚
1025 1391 1125 1454 Oxou.
1146 1393 1185 1469 E,

160 1499 189 1540 a.
211 1499 268 1558 quo
289 1497 339 1552 pro
358 1481 411 1562 qut
430 1475 564 1550 habens
580 1477 683 1550 qnibns
704 1479 838 1536 accedunt
859 1481 942 1536 stiam
963 1477 1062 1537 Batoi.
1085 1477 1127 1552 d.,
1149 1499 1184 1551 ep

157 1568 189 1624 in
211 1563 315 1638 quibus
335 1577 369 1642 pt
390 1565 522 1636 scriptum
543 1581 606 1620 esse
627 1573 744 1620 testatur
764 1561 896 1622 Baianus.
938 1566 978 1621 sic
1005 1565 1137 1623 videmus
1156 1576 1186 1622 et

159 1650 330 1724 optimorum
349 1647 485 1706 librorum
505 1645 536 1704 ei
556 1647 710 1706 mnltornm
731 1648 850 1705 siiornm
863 1649 1052 1716 testimoninm
1066 1659 1098 1706 nt
1108 1646 1188 1726 qnod

155 1745 311 1809 reponatur
331 1751 403 1807 piene
423 1731 561 1807 flagitare,
583 1732 660 1805 qnod
680 1751 745 1789 mm
765 1742 815 1790 ant
835 1733 1000 1806 compendio
1020 1745 1096 1792 esset
1116 1733 1184 1791 seri-

156 1831 240 1894 ptum
261 1828 310 1876 ant
331 1838 387 1874 non
410 1829 485 1875 recte
504 1817 539 1876 ab
561 1816 682 1874 librariis
693 1828 847 1891 acceptum,
868 1817 1003 1876 facillime
1015 1819 1105 1891 potnit
1119 1839 1183 1874 mie

158 1905 212 1962 tsri
232 1905 262 1960 in
283 1905 343 1980 pai.
372 1901 409 1962 de
429 1903 567 1960 sententia
588 1914 684 1958 antem
704 1902 743 1959 ita
764 1901 925 1959 babendum
941 1915 994 1976 est,
1016 1923 1100 1976 posse
1120 1903 1184 1975 qni·

159 1988 226 2046 dem
251 1987 365 2046 defendi
392 2005 547 2061 pronomen
574 1986 742 2062 relativum,
768 1987 818 2044 sed
846 1997 940 2044 tamen
968 1987 1004 2044 ad
1024 1985 1109 2044 huius
1130 1987 1184 2046 loci
1219 2009 1224 2016 ·

156 2074 295 2132 rationem
306 2072 540 2130 accommodatius
559 2071 630 2128 illud
652 2089 725 2143 esse,
747 2070 823 2143 qnod
845 2083 894 2128 aet·
907 2073 938 2128 in
960 2073 1072 2144 optimis
1092 2071 1183 2128 libris.
1203 2133 1208 2144 ,

156 2177 210 2233 pet·
229 2177 386 2232 pronomen
404 2158 483 2214 enim
503 2155 654 2213 relativum
675 2155 754 2212 iliam
775 2173 918 2226 caussam,
947 2175 998 2214 cnr
1023 2155 1059 2212 ad
1080 2173 1111 2213 se
1132 2173 1183 2229 po-

156 2244 297 2306 tissimam
327 2238 360 2298 G.
390 2238 524 2298 Blossius
548 2239 728 2313 deprecsnrm
758 2241 900 2313 venisset,
928 2259 985 2296 non
1014 2241 1082 2300 satis
1108 2251 1183 2298 recte

155 2327 245 2385 ecfert
271 2325 401 2388 Laelius.
444 2325 521 2399 qnod
549 2323 635 2401 lpnge
662 2323 765 2386 melius
790 2343 840 2380 cttr
865 2323 969 2382 factum
998 2327 1034 2382 sit
1047 2333 1181 2398 appetet,

157 2413 184 2470 si
207 2431 258 2484 pro
284 2413 334 2488 qui
360 2410 507 2476 scribimus
533 2405 620 2487 qood.
660 2419 722 2466 tnm
742 2405 889 2466 hocdicet
910 2407 1043 2466 Laelius:
1075 2406 1123 2466 At
1147 2408 1183 2469 0.

156 2494 290 2554 Blossius
318 2525 362 2540 -
386 2515 450 2552 cunt
471 2491 514 2550 od
530 2515 589 2565 me,
618 2489 698 2570 qnod
720 2490 839 2569 aderam
863 2475 991 2562 Laenati
1010 2507 1037 2550 et
1057 2491 1183 2566 Rupilio

152 2577 318 2641 consulibus
347 2581 380 2636 in
411 2577 548 2648 coasilio,
580 2575 761 2650 deprecatam
793 2579 924 2650 witeca,
957 2573 1033 2634 banc
1064 2591 1096 2637 nt
1126 2574 1182 2634 stit

154 2667 329 2739 ignoscam
349 2683 476 2722 cannam
492 2659 645 2742 offerebat.
667 2663 687 2719 i.
701 2682 727 2719 e.
744 2680 819 2718 curn
841 2662 882 2718 sd
903 2682 955 2720 ms
977 2673 1182 2736 propterea,
1254 2685 1259 2700 ¹

155 2749 251 2824 quod
271 2747 581 2823 aderamLaenati
601 2743 796 2820 etRnpilio
817 2745 1026 2804 consniibns
1046 2748 1081 2803 in
1103 2765 1182 2804 con·

154 2833 262 2904 silio,
290 2832 518 2905 deprecatum
539 2832 711 2890 venisset.
753 2827 802 2888 Sic
829 2832 915 2890 etiam
935 2831 1006 2889 alias
1024 2851 1183 2905 pronomen

155 2921 207 2997 qni
227 2927 256 2976 et
276 2937 294 2974 a
321 2917 421 2974 criticis
447 2926 476 2974 et
503 2915 666 2974 a-ltbrariis
687 2916 820 2989 scriptum
841 2915 982 2991 ridimns3
1010 2915 1085 2974 conf.
1107 2934 1182 2990 quae
1229 2944 1253 2980 ·,

156 3023 242 3078 supra
263 3002 362 3074 scripsi
382 3000 419 3058 ad
439 3007 507 3059 ot.
531 3001 563 3074 θ.
577 3005 607 3059 9.
619 3021 647 3074 p.
663 3007 733 3059 102.
747 3011 775 3058 et
787 2999 824 3057 ad
836 3019 859 3057 e.
872 3006 902 3059 t.
917 3001 948 3074 ᾖ.
965 3005 1181 3075 tipum.

155 3097 200 3148 et.
216 3089 247 3144 in
279 3104 355 3144 cens.
388 3095 458 3142 orat.
493 3081 591 3142 Plane.
624 3085 659 3142 ab
695 3082 732 3141 Ε.
762 3081 917 3144 Wundeto
948 3086 1041 3143 editae
1074 3104 1099 3144 c.
1130 3089 1181 3144 nt.

160 3170 193 3242 §·
206 3175 254 3231 59.
275 3169 351 3229 Νου.
372 3167 488 3228 Annei·
505 3165 613 3244 philol.
626 3182 653 3227 et
668 3165 795 3244 paedag.
820 3175 912 3228 1832.
937 3169 994 3228 vol.
1015 3167 1043 3231 l.
1064 3170 1133 3230 fasc.
1154 3167 1180 3228 d.

117 3410 119 3420 ,
239 3336 319 3398 Haec
339 3335 426 3396 habai
447 3359 520 3412 qnae
541 3338 578 3397 de
599 3338 672 3397 libro
682 3334 814 3412 thdiaoo
825 3337 1027 3413 praedicarem,
1048 3338 1182 3396 omisiset

155 3421 243 3482 huius
262 3424 328 3481 libri
349 3433 377 3481 et
397 3432 553 3482 ceterorum
573 3439 655 3480 a'me
671 3422 836 3480 collatorum
850 3423 1028 3482 diversitates
1040 3422 1182 3482 exhibebo

153 3508 187 3566 in
208 3507 331 3566 editione
352 3509 479 3566 omnium
500 3525 617 3580 opernm
639 3502 792 3581 Ciceronis,
814 3527 900 3580 qnam
921 3527 990 3580 paro
1006 3527 1037 3564 ac
1050 3506 1181 3564 meditor.

154 3593 187 3650 in
208 3613 244 3652 aa
265 3594 342 3650 enim
362 3592 485 3650 editione
506 3590 577 3648 illud
598 3590 774 3665 potissimum
796 3609 900 3663 sequar
921 3591 1036 3664 consili,
1068 3602 1098 3652 nt
1119 3609 1182 3648 ora·

51 3685 57 3695 “
155 3678 264 3736 tionem
274 3673 410 3734 Μ.ΤυίῙί
422 3695 509 3750 qnam
520 3674 777 3737 emendatissimam
789 3672 872 3734 edam
883 3686 912 3734 et
922 3675 1048 3734 codicum
1063 3676 1183 3748 optimo-

154 3781 222 3818 rum
244 3761 421 3820 diversitates
442 3781 506 3818 cnm
527 3760 607 3818 brevi
628 3761 806 3816 annotatione
827 3779 891 3817 mea
912 3760 1050 3818 adiiciam.
1072 3779 1104 3818 ac
1122 3769 1184 3816 tam

135 3843 243 3902 'etiam
264 3848 368 3918 optime
390 3843 453 3902 fieri
471 3846 588 3918 poterit,
611 3856 642 3901 nt
663 3843 779 3900 historia
800 3843 925 3908 codicum
948 3863 1017 3906 mss.
1040 3841 1183 3902 Ciceronis

155 3940 297 4007 quotquot
311 3931 341 3987 in
354 3931 481 3988 notitiam
495 3941 619 3986 nostram
634 3929 774 4000 verterint,
796 3948 870 3985 nme
883 3940 1075 4003 componatur,
1097 3947 1185 4002 quam
1248 3965 1251 3978 ·

155 4016 188 4070 in
209 4015 387 4090 singulorum
408 4015 574 4086 scriptorum
595 4013 718 4070 editione
739 4012 870 4070 nolebam
891 4014 1027 4087 adiicere,
1058 4012 1135 4086 qttod
1154 4013 1187 4070 in¹
1214 4034 1218 4042 ·

154 4098 278 4174 singolis
299 4119 393 4174 neque
414 4118 460 4158 res
481 4098 628 4171 disceptari
650 4117 744 4170 risque
764 4097 844 4176 beeri
857 4099 946 4170 spatio
961 4097 1069 4155 absolvi
1082 4106 1186 4172 posset.

153 4180 301 4248 aicoredo
323 4203 445 4260 egone
473 4183 558 4246 etiam
585 4201 677 4256 aeqno
704 4178 820 4242 Catonis
848 4183 979 4255 maioris,
1008 4203 1094 4258 qoem
1120 4189 1186 4247 ante
