2850 4940
252 223 738 346 inuocantem-:s
766 277 863 366 cap.
884 277 982 345 xiv,
1006 278 1110 364 §.aa
1142 251 1205 346 105'

167 489 207 528 ex
228 469 307 524 omui
328 467 455 524 oratioue
474 466 624 540 accipiunt,
644 476 678 524 nt
697 467 754 524 siut
774 467 795 524 ii
815 468 908 539 amici,
930 468 981 540 qni
1001 463 1106 526 habeut
1122 477 1202 526 tenc·

166 573 228 610 ram
251 551 332 608 illam
353 561 440 623 atque
460 550 634 607 tractabilem
656 547 800 608 uirtutem.
844 551 921 624 qnod
943 559 1039 607 atatem
1055 547 1202 608 Geruliar-

139 672 142 676 -
166 637 221 693 dus
241 636 316 692 dixit
342 635 367 691 si
393 635 479 690 nmici
506 654 557 706 pro
585 636 714 708 genitivo
740 633 896 707 habemus,
929 628 1107 691 scribendum
1138 655 1202 692 esse
1299 669 1301 673 v

166 722 333 788 amicornm,
355 717 384 773 id
407 717 511 773 salsum
532 719 648 774 omuino
670 728 729 786 est,
758 737 844 789 saepe
875 720 950 774 euim
981 717 1135 790 singularis
1161 719 1200 776 ibi

168 811 320 874 usnnmtnr
346 811 376 858 et
402 819 419 857 a
446 797 563 856 Graecis
589 811 617 858 et
643 821 659 857 a
687 799 827 858 Romanis
853 802 902 857 nbi
930 820 981 856 nos
1002 812 1201 873 exspectamus

165 886 316 958 pluralem.
360 883 434 940 coiis.
457 883 531 940 iufra
552 903 576 940 c.
599 881 708 942 XXV.
732 883 764 957 ς.
778 887 841 942 ’93.
873 898 906 940 nt
927 888 969 939 nit
990 881 1199 940 idein'Tereu-

167 971 243 1042 tius,
265 965 316 1024 sed
333 965 384 1023 ille
403 970 436 1024 in
461 962 625 1022 Gnathonis
640 989 777 1038 parsurm,
799 965 879 1043 qnod
897 971 983 1023 amici
1000 987 1091 1038 genno
1111 964 1201 1024 adlt-

166 1049 231 1108 hare
251 1053 366 1107 cinicino
386 1047 508 1106 lenitrctis
528 1063 588 1120 cst„
611 1051 658 1107 nbi
678 1050 753 1108 idem
767 1048 954 1107 Geruliardus
968 1051 1028 1107 volt
1043 1054 1199 1107 amicornm

165 1136 248 1192 scribi
270 1146 319 1190 aut
338 1153 438 1190 vocem
459 1134 601 1191 insontem
620 1135 711 1207 capite
732 1135 877 1205 damnari,
904 1153 990 1207 quiam
1012 1153 1112 1192 omues
1133 1133 1198 1190 libri

164 1229 240 1274 tecte
262 1227 385 1273 tuentur.
436 1241 440 1251 1
759 1263 768 1268 -
1092 1219 1095 1230 '

249 1297 320 1372 Gap.
341 1295 432 1357 XIV.
457 1300 488 1373 §
512 1303 563 1358 50.
589 1295 688 1380 Quid?
709 1303 736 1356 si
755 1297 831 1356 illud
850 1302 935 1356 etiam
956 1297 1100 1370 addimus,
1121 1297 1202 1376 quod

164 1396 238 1440 recte
258 1381 330 1439 aridi
344 1395 454 1454 potest,
475 1378 553 1438 nihil
576 1381 734 1459 essequod
752 1379 795 1440 (ιᾶ
812 1403 841 1440 sc
861 1403 920 1439 rein
942 1381 1032 1453 ullum
1048 1395 1108 1439 tunc
1129 1383 1197 1439 ulli-

163 1470 222 1523 cint
242 1479 328 1542 ntqne
348 1462 477 1522 ottrnlmt
497 1479 547 1522 etc.
590 1466 644 1521 lioc
666 1467 726 1522 loco
744 1469 847 1538 optima
863 1468 998 1538 scriptum
1013 1485 1103 1538 eaque
1115 1485 1197 1538 prae-

164 1553 401 1614 stantissimorum
422 1549 558 1605 librorum
580 1552 743 1606 anctoritate
770 1549 934 1606 confirmata
964 1547 1036 1605 adeo
1057 1569 1073 1605 a
1095 1551 1197 1605 criticis

164 1634 293 1706 neg-lecta
311 1644 367 1709 est,
390 1642 422 1689 ut
442 1652 505 1688 eam
527 1630 658 1689 Orellins
674 1653 711 1690 ue
726 1634 987 1690 commemoraverit
996 1632 1122 1705 quidem.
1145 1652 1197 1704 pro

163 1717 277 1789 volgata
300 1717 376 1772 enim
392 1717 542 1788 scriptum:
564 1713 677 1792 quodsi
687 1713 861 1773 etinmillnd
871 1713 1013 1787 additum,
1036 1715 1100 1772 libri
1115 1734 1196 1787 prae·

163 1800 313 1856 ataiitiores
333 1798 452 1855 liabent:
484 1795 599 1874 quidsi
619 1797 697 1854 illud
714 1795 800 1855 etium
821 1797 972 1870 addimus,
994 1799 1071 1870 qnod
1091 1801 1129 1855 ita
1152 1818 1197 1855 re·
1234 1853 1241 1864 ,

163 1884 299 1954 cepimus,
321 1891 350 1940 nt
373 1883 538 1954 ederemus:
560 1879 651 1958 qnid?
672 1885 698 1938 oi
714 1881 796 1939 'illud
811 1886 896 1938 etium
912 1880 1045 1938 addimus
1065 1913 1107 1926 -·
1128 1901 1195 1938 con·

162 1961 277 2022 corletnr
297 1979 348 2023 etc.
391 1963 464 2041 qaid
480 1968 506 2020 si
527 1985 577 2037 pro
595 1963 675 2042 qnod
684 1963 824 2022 aibabent
838 1967 900 2021 libri
916 1964 1035 2038 liniunt,
1057 1963 1195 2038 Gndiam,

162 2047 291 2106 Vindob.
315 2048 369 2121 ll.‚
390 2048 519 2120 August.
543 2047 592 2117 ll.,
614 2049 717 2121 quibus
738 2049 872 2105 accedunt
893 2046 1085 2120 Vindob·.1.‚
1108 2045 1197 2103 Oxo-

162 2134 278 2196 uieuses
300 2133 369 2199 dito,
391 2129 548 2190 cheusis
571 2129 708 2209 (Beleni),
730 2131 814 2204 Lips.
828 2129 853 2187 l.
889 2142 996 2212 ,estque
1018 2149 1102 2202 saepe
1124 2131 1196 2186 alias

163 2213 255 2291 qnid?
281 2217 355 2272 siin
378 2213 500 2292 quodsi
521 2215 720 2287 depravatum,
752 2217 826 2271 coni.
850 2211 909 2271 Cic.
934 2213 1053 2270 Tuscani.
1075 2211 1194 2284 dispuit.

161 2298 212 2356 lib.
235 2300 257 2355 l.
281 2318 305 2355 c.
331 2307 379 2356 11.
401 2301 433 2372 ᾗ.
458 2304 507 2357 25.
530 2297 575 2365 A.
603 2295 654 2354 Do
675 2317 749 2354 veru.
782 2295 832 2354 M.
859 2295 959 2376 Quid?
988 2300 1015 2354 oi
1038 2303 1194 2353 nionennt?

161 2381 207 2438 A.
218 2379 313 2438 beatos
333 2403 390 2438 esse
410 2379 553 2451 coiecedo„
576 2382 624 2437 nbi
646 2382 717 2437 liber
737 2379 848 2456 Regini.
868 2381 956 2436 Paris.
978 2377 1101 2456 quodsi
1122 2381 1194 2436 salso

161 2463 287 2522 exhibet.
330 2485 345 2521 a
369 2465 447 2520 libris
468 2467 554 2538 igitur
575 2484 715 2520 sitinmam
741 2465 1013 2520 commendationem
1035 2463 1118 2519 liabet
1142 2463 1193 2519 illa

161 2551 314 2621 scriptura,
341 2568 435 2620 neque
458 2550 552 2603 miuus
573 2548 686 2604 videtur
706 2549 735 2604 iu
756 2547 842 2603 litoius
864 2548 915 2602 loci
939 2548 1106 2602 senteutiam
1128 2563 1198 2602 cou-

161 2635 270 2690 venire.
315 2631 443 2704 alacritas
464 2632 539 2686 euim
563 2632 696 2687 orationis
717 2649 749 2686 ac
764 2633 847 2702 vigor
858 2629 979 2685 inultum
991 2631 1125 2685 iuvantur
1140 2627 1193 2684 hac

161 2717 279 2774 ratione.
323 2735 380 2787 qno
402 2716 487 2770 etiam
508 2714 573 2770 facit
594 2714 642 2770 illa
663 2713 815 2771 verborum
837 2713 981 2768 collocatio
998 2709 1086 2767 'illud
1109 2714 1195 2768 etium

162 2817 248 2872 quiam
275 2818 329 2872 ego
357 2817 396 2853 ex
421 2796 502 2853 libris
530 2799 642 2868 optimis
668 2817 700 2852 ac
729 2797 859 2867 plurimis
886 2795 1073 2866 recipiendam
1096 2795 1194 2866 putavi

161 2901 214 2954 pro
229 2882 348 2954 vvolgata
369 2883 455 2938 etiam
473 2877 558 2944 titan
600 2877 678 2936 illud
694 2883 780 2936 otium
792 2879 897 2936 liabent
909 2879 1070 2948 Gudianus,
1091 2876 1193 2935 Ersnr·

160 2967 264 3036 tensio,
287 2962 414 3022 Vindob.
438 2961 495 3033 ll.,
516 2964 619 3036 quibus
640 2964 774 3020 accedunt
794 2961 968 3032 Rementem,
992 2961 1118 3042 August.
1141 2959 1193 3031 ll.,
1252 2964 1259 2977 ¹

160 3047 210 3105 alii
232 3046 307 3120 apud
327 3046 464 3104 Baiarum
486 3057 514 3102 et
536 3044 746 3104 Gemiliardum.
789 3066 862 3118 quiae
877 3047 1031 3102 verbulum
1047 3044 1192 3100 collocatio

161 3149 230 3188 eum
248 3131 344 3188 multis
369 3131 433 3187 aliis
454 3131 521 3185 locis
547 3139 607 3186 tum
630 3131 680 3187 lib.
701 3126 846 3202 epistolar.
869 3127 911 3184 nd
921 3131 1004 3206 sitim
1027 3124 1070 3183 V.
1093 3147 1138 3198 ep.
1164 3133 1193 3184 2.

163 3215 195 3286 ᾖ.
210 3220 242 3272 9.
263 3213 308 3270 ed.
324 3212 417 3273 Orell.
440 3211 548 3269 nddntm
567 3210 646 3270 illud
663 3201 749 3270 atinio
769 3211 854 3292 qnod¹
866 3214 926 3268 inm
946 3229 998 3284 ego
1015 3229 1118 3268 curma
1134 3229 1194 3266 non

159 3295 272 3368 dedici,
294 3317 381 3369 quem
402 3296 495 3354 attulit
515 3294 706 3367 Goerenzius,
729 3307 820 3369 potest
841 3295 1012 3352 coulinnari.

245 3379 366 3438 lbidem.
408 3375 486 3435 nihil
503 3393 543 3436 est
564 3383 638 3435 enim
658 3377 836 3450 opipetantin‘e
856 3379 992 3436 nnitilinm
1012 3381 1058 3434 eni
1078 3395 1129 3434 nec
1144 3397 1194 3433 rn-

110 3456 120 3466 ’
155 3465 260 3536 pocius
279 3485 366 3540 quanm
386 3477 504 3519 ncnnrn.
548 3461 642 3518 Etiam
663 3461 717 3518 hoc
737 3464 798 3518 loco
813 3465 954 3517 immerito
968 3473 1030 3532 'pom
1041 3461 1136 3516 habita
1152 3470 1196 3517 est

161 3567 178 3602 a
201 3549 356 3604 novissimo
378 3547 483 3603 editore
505 3547 675 3617 optimorum
696 3545 830 3602 librorum
854 3543 1028 3615 atictoritas,‘
1048 3563 1122 3614 qnae
1144 3563 1194 3616 pro

148 3626 237 3685 nihil
255 3633 391 3701 eupsicius
411 3629 588 3686 scribendum
612 3630 751 3701 proecepit
771 3649 822 3684 noc
837 3630 981 3698 rapacius:
1003 3626 1080 3698 ‹ptod
1102 3637 1144 3682 est
1164 3628 1195 3680 in

159 3713 232 3768 libro
255 3711 404 3783 Gudiauo,
427 3711 597 3781 Erlnrteusi,
619 3705 746 3768 Vindobss
770 3710 822 3783 ll.‚
845 3707 1016 3778 Basileeusi,
1041 3707 1194 3778 Berueusi,

161 3797 264 3864 quibus
286 3796 422 3851 accedunt
436 3793 564 3852 Vindob.
579 3796 613 3862 Ι..
635 3793 764 3867 August.
776 3794 812 3865 l.‚
835 3791 962 3866 August.
978 3792 1030 3863 ll.‚
1053 3789 1194 3863 Gottiug„
1271 3799 1275 3810 '

160 3875 298 3951 floenel,
320 3877 511 3950 pithoeanus,
542 3898 640 3934 omues
662 3874 735 3934 Aldi
759 3879 839 3948 libri,
870 3875 973 3932 Dresd.
996 3877 1037 3947 b.‚
1060 3871 1120 3931 Giz.
1144 3872 1195 3946 B.,

160 3958 244 4032 Lips.
257 3959 282 4018 l.
305 3981 337 4016 ac
350 3964 373 4017 si
388 3970 430 4017 est
446 3962 474 4015 in
488 3961 656 4032 quibusdam
671 3960 752 4017 libris
763 3957 841 4016 niihil
858 3962 1004 4032 rapacius,
1026 3960 1046 4015 ii
1069 3971 1096 4015 et
1118 3958 1195 4014 ‹lete-

161 4045 250 4103 riores
271 4057 337 4103 sunt
358 4055 386 4102 et
408 4044 542 4101 lucillime
564 4046 654 4116 potnit
674 4064 713 4102 cx
740 4043 882 4117 frequenti
909 4041 995 4099 lutitm
1023 4035 1198 4116 repetitionis'
