2850 4940
266 267 763 361 suuous'niouns
790 275 987 368 cmxix.
1010 281 1127 367 §.urs
1163 281 1225 348 uo

178 468 275 529 locum
307 467 444 540 scriptum
474 463 595 535 lubeat,
623 465 705 524 velut
726 463 894 544 Gudianus,
922 465 1118 542 Erlirrteusis,
1147 465 1223 529 Viu-

177 554 244 612 dob.
266 551 314 620 ll.,
338 548 498 608 Beruensia
510 548 548 623 l.,
569 547 951 626 Bomemistl.,Aug.1.,
973 550 1056 629 Aug.
1073 553 1128 628 ll.,
1149 552 1222 614 Got-

128 660 131 664 ·
176 641 269 712 ling„
292 633 423 693 Vindob.
446 633 491 706 l.,
512 632 656 705 floenel,
687 635 772 692 multi
799 635 849 693 olii
870 637 946 710 apud
969 634 1171 696 Geruharrlum
1192 653 1221 698 et

175 720 326 794 Beierum,
349 721 387 776 ita
411 729 443 777 ut
465 739 521 775 nna
543 739 607 776 esse
627 719 898 778 videntur-omnium
913 722 1048 780 librorum
1060 725 1220 798 consensio,

176 804 259 879 quiae.
274 826 310 864 eo
331 814 392 862 erat
413 805 508 860 minus
527 803 712 886 negligenda,
733 804 811 878 quod
833 805 917 862 morlo
934 805 1023 864 altera
1037 805 1139 866 houm
1155 828 1219 865 ver·
1322 801 1325 812 ’

178 891 280 948 borum
307 888 454 964 collocatio
481 900 681 959 praecesserat.
716 895 777 946 ‘uec
805 909 870 946 eom
892 889 1023 948 librarius
1047 892 1083 949 cle
1104 911 1158 949 suo
1175 891 1218 948 la·

176 974 232 1032 cile
258 983 418 1034 mutaturus
441 972 532 1030 fuisse
564 971 686 1030 videtur.
730 985 874 1046 praeterea
896 993 1086 1033 commemoro
1105 977 1137 1032 iu
1158 975 1218 1033 edi·

174 1060 253 1116 tione
273 1077 337 1114 meo
359 1075 433 1130 quae
455 1077 483 1130 p.
507 1063 557 1116 28.
579 1059 671 1130 posita
693 1067 736 1115 est
757 1059 902 1116 annotatio
924 1061 1036 1134 educa,
1066 1079 1131 1120 mm
1152 1079 1216 1132 per·

174 1145 267 1200 tinere
288 1141 325 1198 acl
346 1162 375 1214 p.
400 1145 450 1199 29.

128 1257 131 1264 «
242 1222 330 1297 Gap.
354 1221 444 1282 ΧΙΧ.
466 1225 498 1298 ἦ.
521 1229 572 1282 67.
599 1255 643 1268 -
669 1221 795 1298 indigno
821 1221 964 1284 dubitatio
993 1221 1129 1284 homme!
1157 1247 1216 1286 nort

173 1313 250 1368 mum
270 1307 371 1367 debent
389 1329 449 1366 esse
469 1310 664 1366 curicitico-um
689 1311 762 1366 sicru
794 1308 918 1367 ulier-m
943 1331 1040 1368 ream
1059 1310 1214 1368 srdtbtates.

174 1392 230 1452 lioc
250 1393 312 1451 loco
333 1414 384 1466 pro
404 1391 535 1467 volgato:
556 1390 679 1465 indigua
704 1389 820 1450 bonius
839 1391 982 1452 dnbittttio
1002 1415 1042 1452 ex
1065 1395 1144 1453 libris
1160 1391 1214 1452 Er·

172 1479 304 1550 suncini,
328 1475 500 1550 Basileeusi,
521 1467 658 1549 floenel,
684 1474 827 1553 Gotting„
848 1490 983 1552 quattuor
999 1477 1130 1552 Marino,
1152 1475 1212 1535 Go-

171 1560 260 1620 thauo
281 1562 328 1635 ll.,
355 1559 458 1620 Dresd.
482 1581 509 1619 a.
530 1570 559 1618 et
580 1561 608 1617 b.
641 1561 718 1635 opud
746 1558 950 1620 Gemlnarrlum
975 1565 1141 1637 scripsimus
1166 1566 1220 1650 iu·x

171 1644 265 1720 digua
285 1643 425 1704 dubitutio
446 1640 570 1717 lomim,
592 1665 669 1720 quae
683 1646 836 1704 verborum
849 1647 996 1705 collocatio
1013 1658 1041 1706 et
1055 1648 1212 1705 maxi-um

168 1728 224 1788 laos
244 1730 306 1788 loco
327 1728 412 1788 hebet
433 1731 604 1803 gravitatem
624 1761 667 1772 -
688 1730 760 1788 solet
782 1733 859 1788 euim
880 1749 1002 1804 nomeu,
1020 1733 1050 1789 iu
1072 1752 1131 1806 quo
1152 1732 1211 1804 pri·

169 1817 407 1888 insuavitate,
435 1833 452 1870 a
480 1813 588 1887 reliqua
611 1817 737 1872 oratioue
758 1816 871 1890 seiungi
893 1826 923 1874 et
942 1818 972 1873 iu
994 1828 1123 1874 extrema
1145 1834 1210 1874 sen·

51 1912 55 1918 ·
169 1899 256 1957 tentia
275 1897 419 1968 collocari,
440 1897 478 1954 cf.
499 1895 538 1954 L.
557 1895 733 1955 Ramsborui
751 1920 800 1972 gr.
822 1898 894 1958 Lat.
917 1899 950 1974 θ.
974 1908 1047 1960 200.
1069 1900 1105 1958 ΙΙ.
1129 1906 1159 1960 6.
1183 1919 1209 1956 e.

168 2003 197 2058 p.
219 1989 293 2042 913.
317 1987 390 2042 915.
412 1981 457 2039 ecl.
480 2000 537 2039 sec.
564 1977 634 2054 'nec
660 1980 775 2040 videtur
794 1985 830 2041 ab
850 1984 974 2042 librariis
996 1985 1121 2058 potuisse
1142 2003 1208 2056 pro·

167 2066 272 2142 ficisci,
299 2068 350 2140 qui
376 2065 413 2124 sd
439 2063 707 2124 mutandam·laauc
728 2069 895 2142 scripturam
922 2069 1107 2142 procliviores
1127 2077 1209 2127 erant

167 2155 255 2225 quiam
283 2152 319 2210 ad
346 2149 492 2220 tuendam.
536 2159 682 2223 praeterea
708 2152 796 2209 etin'm
816 2151 884 2210 illae
905 2153 1102 2228 corruptelae,
1132 2171 1208 2228 qnae

166 2245 233 2295 sunt
252 2236 283 2292 iu
303 2232 393 2293 libris'
405 2234 569 2308 plerisque,
598 2244 631 2292 nt
650 2232 775 2310 ιπᾶὶὸπιι
795 2233 939 2326 {subitatio
960 2240 1076 2296 omuino
1096 2251 1137 2295 est
1157 2236 1206 2296 vel

139 2361 144 2366 “
165 2348 235 2410 baec
250 2365 290 2410 est
302 2351 436 2410 videntur
444 2371 484 2409 ex
496 2349 571 2410 male
589 2352 735 2411 intellecto
747 2352 914 2427 compendio
928 2355 1052 2412 nominis
1066 2321 1206 2416 latiora

75 2471 79 2477 ·
164 2457 237 2496 esse.
280 2437 371 2494 multo
393 2446 489 2494 erilem
510 2437 606 2494 minus
627 2437 748 2496 dubitari
771 2449 880 2512 poterat
902 2439 938 2498 (le
954 2441 1108 2511 verbisiis,
1130 2462 1204 2514 qriue
1253 2513 1257 2520 Ι

165 2531 338 2596 sequuntur,
362 2521 581 2593 constituendis,
603 2523 634 2578 iu
656 2522 871 2594 quibus-miror
892 2523 927 2578 ab
950 2524 1082 2580 omuibus
1102 2525 1204 2584 criticis

165 2625 257 2678 nuper
277 2625 339 2663 esse
360 2605 519 2680 neglectam
540 2605 693 2663 verborum
713 2606 926 2664 collocationem
942 2605 1030 2663 hauc:
1056 2627 1116 2664 nou
1128 2611 1204 2666 euim

46 2727 49 2737 ‹
164 2687 262 2746 debent
283 2693 554 2747 esserumicitiurum
573 2691 647 2746 siem
667 2688 795 2747 aliarum
814 2709 912 2746 rerum
932 2693 1084 2748 satietates.
1094 2731 1105 2762 ‚
1128 2713 1202 2766 quas
1316 2735 1321 2754 .

164 2783 193 2832 et
214 2773 345 2831 inlibris
371 2775 486 2848 optimis
514 2791 548 2830 ac
572 2793 646 2847 pene
674 2774 805 2846 plurimis
825 2767 945 2832 liabetur
965 2784 994 2832 et
1015 2782 1058 2832 est
1079 2773 1115 2832 acl
1136 2795 1201 2834 sen·

163 2859 289 2929 tentiam,
312 2878 386 2930 quiae
408 2849 454 2916 his
475 2857 570 2915 verbis
592 2858 716 2915 sribiecta
732 2867 785 2929 est,
808 2857 1106 2917 accommodatissima.
1135 2859 1201 2920 libri

161 2943 239 3002 enim
261 2939 426 3014 Gudianus,
450 2941 643 3013 Erfurteusis,
665 2936 758 3000 Viud.
775 2941 809 3017 l.,
831 2938 961 3001 Vindob.
980 2941 1027 3016 ll.,
1050 2939 1200 3004 Basileeu·

161 3029 219 3102 sis,
240 3024 378 3102 Bern.l.,
401 3024 491 3084 Beru.
508 3024 562 3096 ll.,
584 3023 680 3100 Aug„
703 3024 740 3097 l.,
762 3021 845 3101 Aug.
859 3023 914 3102 ll.,
937 3024 1078 3102 Gottiug,
1100 3047 1200 3088 orrruet

161 3108 259 3169 Beieri
286 3111 370 3186 libri,
397 3105 672 3168 multi.Gerul1arrli
698 3108 773 3167 banc
802 3109 956 3168 verborum
971 3110 1199 3172 collocationem

161 3193 337 3253 confirmant.
379 3193 536 3252 sententiae
557 3193 681 3268 denique
703 3195 878 3252 concinnitas
899 3204 927 3252 et
948 3195 1090 3270 gravitas,
1123 3213 1199 3270 quae

159 3279 251 3353 posita
281 3287 324 3336 est
343 3278 374 3335 in
396 3278 492 3338 verbis
524 3273 625 3336 debent
646 3297 719 3353 esse,
741 3299 799 3340 non
820 3280 916 3340 minus
936 3275 1010 3338 hanc
1031 3279 1199 3356 scripturam

160 3361 345 3421 commendat.
539 3361 544 3366 '

243 3445 363 3506 Ibidem.
405 3447 557 3503 vermium
578 3465 721 3524 priusque,
749 3460 782 3504 ut
803 3467 838 3504 ou
858 3451 943 3520 obss,
973 3468 1047 3526 quus
1074 3461 1197 3508 vetustt-

159 3544 215 3588 tem
225 3531 354 3612 femmt,
376 3551 434 3588 esse
454 3527 555 3588 debent
574 3533 752 3588 mmuissimu.
795 3527 849 3588 boc
869 3529 934 3590 loco
955 3533 1008 3590 etsi
1027 3549 1127 3588 cinitot
1140 3549 1198 3592 rum

158 3635 298 3674 consensu
318 3615 385 3672 libri
405 3616 436 3672 in
458 3635 509 3691 ea,
535 3634 623 3689 quam
645 3616 821 3692 recepimus,
849 3615 985 3690 scriptura
1007 3615 1196 3684 conmoritur,

158 3709 253 3757 tamen
274 3700 361 3758 critici
381 3696 569 3761 vehementer
588 3697 655 3757 falsi
676 3709 752 3770 sum,
774 3717 897 3774 qrrortuu
919 3698 968 3758 alii
982 3710 1110 3774 corrupto
1128 3695 1198 3756 liaeo

158 3784 244 3841 verba
266 3794 412 3857 putarunt,
434 3795 465 3842 ut
487 3785 522 3842 de
540 3783 715 3858 novissimis,
736 3791 849 3842 veteres
871 3783 947 3842 euim
970 3783 1078 3854 omitto,
1102 3779 1196 3840 Gerar·

158 3865 282 3940 hardus,
315 3866 454 3940 Beierus,
484 3866 631 3941 Orellius,
653 3867 748 3926 aliisi
770 3887 787 3926 a
810 3863 908 3926 Trullio
930 3867 983 3926 isto
1004 3869 1108 3944 scriptu
1130 3887 1196 3926 cou-

157 3952 301 4027 cederent,
322 3951 396 4010 salso
410 3953 600 4028 explicarunt,
623 3947 806 4022 ut0rellius,
828 3948 1077 4028 Beierutslliquo.
1109 3947 1196 4010 Orol-
1283 3975 1291 4000 ν

139 4035 214 4094 'lius
235 4039 312 4095 enim
334 4039 387 4095 etsi
409 4037 546 4095 librorum
567 4036 749 4111 scripturam:
772 4040 1056 4116 veterrimupuurpru
1082 4069 1116 4080 -·-
1139 4053 1196 4094 aare

161 4117 263 4180 debent
282 4122 464 4199 munimime,
485 4141 542 4182 uon
564 4131 607 4180 est
629 4139 715 4181 ausus
736 4133 862 4194 morture,
886 4131 979 4182 turuou
1002 4117 1111 4184 limini
1129 4139 1195 4178 corr·
