2850 4940
246 353 309 420 na
348 347 835 457 nunqnurronus
880 343 1210 440 caraxatam.

244 541 247 549 ’
331 537 452 600 Ibidem.
480 559 605 618 quassam
625 541 700 598 enini
720 534 805 598 modo
826 539 976 616 quisquam
996 537 1106 596 urricus
1124 531 1182 596 essa
1196 551 1286 612 pote·

246 626 457 698 1111111,κωί
482 644 511 681 se
531 621 649 700 putabit
677 625 824 680 inimicum
851 644 908 680 esse
923 628 1028 695 posse?
1071 619 1120 680 Sic
1141 622 1221 693 libri,
1251 632 1285 679 nt

246 708 370 782 videtur,
393 717 492 765 omues
512 705 589 765 huno
609 706 702 765 locum
724 707 858 779 seriptum
871 704 987 777 babent,
1009 717 1096 780 atque
1117 707 1204 763 etiam
1225 707 1286 764 mei

241 793 351 867 poterit
371 793 432 848 eins
453 801 585 864 tutentur,
607 787 768 863 Gudianus,
789 786 872 864 Aug.
894 787 931 863 l.,
954 787 1037 863 Arrg.
1059 787 1116 860 112,
1140 785 1285 863 Gottittg.‚

246 871 374 932 vindob.
395 871 431 945 1.,
453 871 581 932 Vindob.
603 871 655 944 ll.,
677 871 814 946 Haattel.,
837 871 911 946 apud
933 870 1080 930 Orellium
1094 869 1203 931 Erlnrt.
1222 869 1285 950 (tric

247 955 333 1016 ltobet
358 960 400 1029 ei,
429 957 459 1016 id
486 957 565 1030 qnod
587 955 660 1014 nillil
680 955 758 1013 aliud
779 956 893 1014 videtur
914 975 977 1014 esse
1005 957 1060 1013 uisi
1088 953 1173 1032 eius.)
1196 953 1284 1033 Basi-

247 1042 369 1115 leensis,
390 1039 480 1100 Bem.
502 1039 546 1111 1.,
577 1038 668 1099 Beru.
689 1040 743 1111 ll.,
770 1041 855 1098 aeteri
883 1038 958 1112 apud
978 1037 1116 1097 Reiorum
1138 1052 1167 1096 ot
1189 1035 1286 1096 Garn-

246 1123 379 1182 bardum.
414 1143 467 1181 nee
488 1124 602 1182 ridetur
621 1123 778 1198 quidquam
805 1142 923 1181 oarrssae
942 1141 1006 1182 essa
1026 1143 1077 1181 cur
1097 1119 1172 1180 hatto
1192 1121 1285 1196 pluri·

247 1228 360 1266 morum
380 1207 518 1264 librorum
540 1209 732 1266 auctoritatem
746 1206 937 1281 negligamus,
960 1207 1125 1280 qtraesertim
1136 1223 1201 1262 curu
1214 1204 1287 1264 liaeo

248 1300 376 1350 accurata
402 1290 548 1349 relationis
573 1290 702 1348 definitio
730 1287 797 1348 luric
818 1289 878 1346 loco
899 1290 968 1346 sutis
989 1287 1197 1348 accommodata
1220 1305 1286 1348 esse

247 1375 390 1436 videatur.
431 1374 509 1448 qnod
530 1375 632 1447 siquis
648 1373 701 1432 hoc
721 1371 795 1431 dicat
815 1374 1010 1430 inconcinnam
1031 1373 1094 1430 iure
1115 1375 1285 1444 orationem,

248 1479 303 1533 ego
324 1477 417 1530 neque
439 1477 480 1516 ex
493 1458 566 1515 libro
582 1457 741 1515 [irtirrtensi
763 1458 870 1514 ueniens
890 1476 947 1514 esse
962 1459 1073 1529 poterit
1093 1457 1129 1528 ei,
1150 1457 1210 1526 eoi,
1233 1475 1287 1514 ue·
1311 1487 1317 1493 ·

248 1562 306 1616 qne
328 1561 367 1600 ex
388 1537 567 1600 Haeueliauo
589 1545 697 1598 1111111111
716 1561 774 1598 erse
788 1543 897 1612 poterit
917 1542 989 1613 eius,
1006 1543 1089 1597 caius
1105 1539 1286 1597 scribendum

248 1618 392 1684 existimo.
435 1645 503 1687 nant
525 1625 595 1698 quid
615 1624 762 1698 impedivit
785 1621 810 1682 Τ
813 1623 913 1681 ullium
936 1645 994 1697 quo
1009 1625 1208 1696 miunspriore
1221 1623 1287 1680 loco

168 1736 172 1743 *
248 1710 458 1766 substantivum
480 1709 617 1784 ecferret,
645 1709 734 1768 altero
762 1709 908 1766 inimicum
934 1727 992 1766 assa
1012 1728 1064 1784 pro
1084 1707 1194 1765 verbali
1216 1715 1286 1764 eon·

248 1794 400 1852 structione
414 1787 552 1850 liabereti
878 1794 880 1800 ’

332 1873 454 1933 Ibidem.
496 1895 613 1932 rausum
633 1888 728 1932 11111111
747 1887 821 1932 recte
833 1871 932 1953 factis
948 1864 1157 1950 catamodisqoe
1177 1875 1287 1931 omica-

248 1979 315 2016 rum
334 1979 442 2016 necessa
461 1961 516 2016 11111
538 1960 620 2032 uugi,
643 1955 748 2029 daim,
768 1955 904 2016 innidere.
946 1959 1024 2031 qnod
1045 1955 1098 2014 ltoc
1116 1957 1175 2033 loco
1190 1955 1287 2015 Gern·

248 2041 373 2114 bardus,
393 2040 529 2116 Beierns,
550 2039 681 2099 Orellius
700 2042 790 2099 verba
810 2063 917 2100 necesse
937 2045 1002 2115 erit,
1025 2061 1099 2114 quaa
1119 2043 1176 2099 iam
1197 2061 1287 2114 supra

249 2129 468 2200 scriptuarum,
496 2146 536 2183 ex
563 2128 725 2185 auctoritaie
747 2125 810 2182 libri
833 2124 932 2183 Oxou.
954 2147 984 2202 η.
1007 2123 1160 2182 omittenda
1183 2127 1288 2182 existi·

249 2221 380 2281 mortrui,
408 2221 521 2288 tautum
539 2210 618 2267 abest
640 2219 670 2265 nt
691 2210 814 2266 ettndem
836 2211 888 2281 iis,
915 2229 1002 2284 quem
1034 2209 1165 2266 llalensis
1185 2223 1289 2266 ceusm·

250 2305 279 2350 et
299 2292 562 2366 Heidelbergcusis‚
584 2293 706 2350 triburam
727 2291 892 2364 assensum,
914 2303 946 2350 ut
967 2312 1024 2350 nou
1046 2292 1172 2350 diffitear
1192 2293 1287 2350 rideri

249 2375 321 2434 milri
341 2375 472 2434 homiues
499 2376 674 2434 doctissimos
699 2393 844 2434 summum
866 2397 989 2450 eumque
1012 2397 1084 2450 pene
1106 2387 1217 2449 turpem
1239 2397 1288 2434 er·

250 2480 343 2517 rorem
361 2458 420 2516 'hoc
447 2459 509 2517 loco
538 2461 723 2517 commisisse.
766 2463 871 2518 etenim
899 2462 922 2518 si
950 2460 1014 2518 libri
1037 2460 1115 2517 illius
1136 2461 1288 2518 1111111111-

249 2555 308 2602 tem
331 2543 443 2616 dicunt,
465 2546 490 2601 is
512 2565 605 2617 neque
628 2555 686 2601 tam
707 2554 837 2613 vetustus
858 2555 901 2602 est
922 2563 975 2601 uec
994 2555 1051 2602 tam
1074 2555 1231 2617 praestans,
1253 2555 1287 2602 ut

250 2629 350 2686 ceteris
372 2628 452 2685 libris
474 2629 704 2686 dissentientibus
726 2628 882 2702 quidquam
912 2630 938 2686 ei
966 2629 1137 2685 auctoritatis
1159 2629 1286 2684 tribuen-

251 2711 320 2770 dum
341 2713 397 2783 sit,
427 2712 511 2769 ceteri
535 2725 630 2769 autem
651 2713 715 2769 iibri
736 2713 823 2770 verba
844 2731 953 2770 necesse
971 2715 1026 2768 erit
1047 2731 1105 2768 urm
1127 2712 1287 2784 eodemque

231 2794 313 2852 ¹loen
334 2815 434 2852 omues
455 2805 580 2854 tuentur.
623 2795 700 2858 unde
726 2806 842 2870 apparet
870 2807 918 2853 aut
940 2815 1034 2853 errore
1055 2806 1105 2851 aut
1125 2797 1285 2852 coniectura

250 2897 320 2939 sane
347 2898 404 2936 arou
432 2879 543 2936 difficili
572 2879 607 2936 ab
634 2878 749 2937 librario
775 2882 827 2937 ista
854 2880 941 2938 verba
970 2881 999 2936 in
1026 2879 1098 2935 libro
1120 2876 1284 2936 Oxuuieuai

250 2963 356 3022 abiecta
370 2981 443 3020 essa.
465 2964 488 3020 si
505 2972 602 3020 nartem
615 2961 669 3022 bne
683 2963 779 3020 dicunt
790 2965 878 3020 critici
889 2965 994 3036 omnia,
1010 2981 1084 3036 qnae
1098 2963 1209 3036 integra
1230 2961 1285 3020 loci

250 3049 389 3105 sententia
412 3048 519 3119 possint
539 3045 650 3122 abesse,
672 3045 829 3104 inducenda
851 3067 914 3104 essa
935 3050 1020 3104 etium
1041 3046 1286 3104 contralibrornm

250 3131 455 3200 testimoninm,
477 3151 564 3205 qnam
586 3133 767 3194 temerarium
789 3132 893 3188 saciant
909 3132 1043 3187 iudicium
1056 3141 1084 3187 et
1095 3149 1182 3204 quam
1195 3129 1287 3186 multa

250 3216 307 3274 siut
328 3213 468 3284 delenda,
491 3216 545 3288 ipsi
568 3215 702 3272 viderint.
745 3213 799 3271 lroc
819 3215 935 3288 <quidem
957 3214 1029 3288 loco,
1051 3214 1100 3271 ubi
1121 3216 1178 3270 iam
1197 3232 1286 3286 stupra

250 3297 286 3356 ad
308 3317 332 3354 c.
355 3303 385 3356 2.
408 3299 440 3370 §.
463 3303 493 3356 8.
516 3319 542 3370 p.
562 3305 619 3356 101
643 3317 687 3370 sq.
731 3298 890 3372 significari
911 3309 1005 3355 corrtra
1028 3298 1115 3355 libros
1135 3295 1208 3354 niltil
1231 3317 1284 3354 uo·

249 3379 377 3440 vandum
399 3399 473 3451 esse,
496 3383 580 3438 etiam
601 3381 628 3438 si
648 3383 709 3454 ipsa
731 3382 785 3438 loci
806 3385 944 3440 seruantia
966 3381 1016 3440 ilia
1036 3381 1135 3454 verba,
1156 3401 1213 3438 nou
1232 3399 1286 3438 ne·

213 3477 215 3484 ‘
249 3464 523 3537 consummarint,
546 3475 641 3523 tamen
663 3466 799 3567 libqornm
821 3467 969 3524 auctoritas
991 3466 1161 3540 optimorum
1176 3481 1286 3522 neumae

249 3551 305 3606 erit
325 3558 421 3606 tuetur
441 3559 543 3623 atque,
566 3551 643 3624 quod
665 3570 757 3607 marus
779 3560 840 3624 est,
863 3552 948 3607 etiam
970 3547 1107 3607 rhetorica
1128 3546 1215 3606 huius
1229 3547 1285 3606 loci

174 3693 178 3698 ,
209 3633 321 3710 3ratio
341 3641 427 3706 'atque
448 3632 589 3708 elegantia
610 3633 729 3708 flagitat.¹
772 3630 870 3691 Cicero
893 3634 1053 3691 enim‘volt
1078 3633 1149 3691 illud
1171 3630 1285 3690 Biantis

212 3727 215 3734 “
249 3715 356 3776 dietum
376 3719 415 3774 ita
433 3716 599 3789 infirmare,
626 3730 657 3776 ut
684 3717 774 3787 dicat,
803 3736 843 3775 ex
870 3737 905 3774 eo
926 3719 1086 3798 necessario
1108 3716 1217 3788 aliquid
1239 3735 1284 3774 se·

250 3800 322 3874 qui',
349 3800 425 3874 quud
447 3801 476 3858 iu
498 3801 601 3858 salsam
623 3802 774 3858 stultitiam
797 3821 850 3858 nos
874 3801 1006 3872 inducat,
1033 3819 1155 3874 cumque
1176 3801 1206 3856 in
1233 3797 1285 3856 1111

249 3887 406 3942 necessaria
427 3879 628 3950 cotrsecutioue
644 3885 799 3957 plurimum
826 3887 949 3958 positum
971 3888 1024 3958 sit,
1052 3904 1110 3958 qno
1136 3883 1216 3942 illius
1238 3903 1284 3941 sa·

249 3967 359 4044 pituitis
373 3977 554 4042 praeceptum
575 3968 704 4043 eluatur,
730 3979 805 4029 recte
827 3981 912 4042 atque
933 3969 1032 4028 ordina
1053 3970 1105 4026 isto
1126 3967 1214 4025 verba
1234 3987 1284 4024 trs·

189 4067 195 4077 '
249 4071 323 4110 nesse
343 4055 397 4110 etit
419 4053 530 4125 repetiit
554 4055 640 4110 etiam
661 4055 691 4110 in
710 4052 797 4110 altera
820 4055 969 4120 sertteutia,
1014 4073 1065 4109 uos
1088 4051 1218 4108 similiter
1240 4051 1283 4108 di·

250 4153 363 4195 camnst
392 4133 435 4213 ju
466 4135 606 4196 donnus
643 4134 733 4196 wind
764 4133 856 4196 uncis
879 4129 1114 4211 111111111111111,1
1132 4133 1281 4216 fulgen,
