2868 4958
23 1596 32 1608 ·
134 1561 319 1628 dimsntnm
341 1559 521 1644 amicitiae,
552 1584 583 1627 c.
605 1559 739 1628 xvtll.

426 353 887 480 §nummata
1126 384 1174 430 n

141 566 256 610 corum
276 540 361 624 sint,
389 555 459 608 tum
481 540 525 608 sit
548 541 637 613 inter
656 565 714 628 ees
733 543 882 610 omnium
902 567 1032 628 rerum,
1064 547 1176 612 consi·

141 629 281 710 liorun,
307 629 515 694 voluntatum
540 626 612 694 sine
631 629 700 692 nlla
722 629 914 716 exceptione
941 631 1172 715 communitas,

140 729 178 778 ut
198 713 297 778 etiam
314 713 344 778 si
368 735 431 798 qna
448 713 581 778 fortuna
598 712 769 796 acciderit,
790 729 826 778 nt
838 713 950 788 minus
966 715 1070 781 iustae
1086 717 1173 782 ami·

138 821 256 864 corum
283 800 468 864 voluntates
497 797 704 862 adiuvandae
720 797 815 880 sim,
849 799 886 863 in
913 799 1030 885 quibus
1057 823 1172 868 eornm

131 898 198 948 nant
224 898 320 973 caput
343 896 462 966 agatur
487 896 543 946 ant
570 882 679 964 fama,
716 883 947 949 declinandum
969 884 1012 948 ait
1038 886 1076 950 de
1101 885 1171 969 via,

134 968 239 1034 modo
263 991 304 1032 ne
322 966 636 1054 summatnrpitudo
656 981 819 1052 sequatur.
862 967 1041 1054 Eligendos
1059 985 1171 1036 antem

136 1076 211 1118 esse
235 1052 357 1118 amires
374 1054 490 1120 firmos
507 1068 539 1116 et
556 1051 690 1116 stabiles
714 1067 745 1116 et
768 1068 971 1136 constantes,
1000 1077 1029 1119 c.
1052 1053 1171 1122 XVII.

111 1209 118 1230 Ι
136 1135 401 1204 Firmamentum
421 1151 532 1202 autem
556 1136 657 1203 lamus
682 1134 868 1244 stabilitqis
896 1153 934 1202 et.
955 1137 1171 1222 constantiae,

136 1246 222 1322 qnae
243 1222 281 1286 in
300 1221 445 1286 amicitia
464 1236 656 1307 quaeratur,
678 1221 785 1286 tidem-
801 1245 882 1290 esse.
925 1222 1000 1288 Huc
1016 1225 1171 1293 accedere

134 1323 301 1395 oportere,
322 1321 359 1370 nt
374 1331 416 1372 ne
428 1306 623 1372 criminibus
634 1321 692 1370 aut
702 1306 882 1372 inferendis
896 1307 1072 1374 delectetur
1084 1308 1169 1374 ami»

134 1416 216 1474 w,
246 1407 302 1458 ant
322 1392 431 1458 credat
452 1391 569 1456 oblatis
576 1417 587 1472 ;
608 1406 774 1478 praeterea
788 1392 984 1458 suavitatem
1005 1393 1168 1476 quandam

133 1500 325 1542 sermonum
341 1493 435 1562 atque
451 1499 599 1558 morum,
622 1477 711 1540 haud
725 1500 768 1562 qn
810 1501 887 1542 nam
904 1478 1068 1542 mediocre
1088 1501 1168 1542 eon·

399 1560 406 1576 '
769 1500 918 1627 adistensi
945 1577 1055 1639 autem
1081 1563 1168 1632 ami·

133 1665 192 1712 eoa
216 1646 312 1713 novis
328 1647 570 1734 anteponendos
592 1668 673 1710 esse.
712 1645 846 1712 Deinde
868 1669 941 1724 eos,
964 1646 1030 1733 qui
1043 1647 1109 1712 sint
1129 1648 1167 1714 in

134 1731 301 1801 amicitiae
322 1730 559 1797 necessitudine
574 1730 684 1815 aliqua
703 1753 740 1795 re
762 1731 962 1819 superiores,
984 1753 1167 1818 exaequare

87 1821 102 1840 ‘
135 1841 172 1884 se
189 1840 268 1884 cum
289 1816 501 1883 inferioribus
524 1817 662 1897 Μανᾶς
688 1815 860 1880 inferiores
880 1832 990 1880 autem
1003 1840 1084 1880 -non
1108 1818 1166 1881 de-

134 1903 220 1967 bere
242 1902 388 1986 graviter
408 1903 512 1985 ferre,
536 1925 570 1968 se
594 1903 634 1966 ab
652 1901 855 1966 amicissuis
873 1917 928 1966 aot
954 1900 1088 1988 ingenio
1109 1919 1166 1968 aut

136 1989 268 2052 fortuna
289 2002 345 2052 aut
367 1987 525 2071 dignitate
543 1986 703 2074 supe'rari.
745 1986 889 2052 Tantum
913 2001 1022 2052 autem
1047 1987 1164 2072 cuique

138 2070 357 2154 tribuendum,
370 2073 514 2160 primunt
526 2087 681 2158 quantum
693 2070 761 2158 ipse
774 2073 900 2136 efficere
911 2071 1030 2158 possis3
1046 2072 1165 2136 deinde

138 2157 246 2240 etiam,
290 2174 427 2222 uantum
442 2156 512 2240 ille,
534 2179 630 2241 quam
649 2155 767 2239 diligas
784 2173 879 2240 atque
895 2154 1042 2237 adiuves,
1064 2155 1164 2220 susti·

134 2265 226 2308 nere.
268 2181 371 2306 iiecte
396 2241 494 2306 etiam
519 2239 661 2329 praecipi
682 2238 719 2304 in
739 2237 910 2322 amicitiis,
939 2264 979 2304 ne
1003 2240 1164 2328 intempe-

134 2341 206 2390 rata
228 2327 392 2412 quaedam,
413 2326 633 2392 benevolentia
662 2325 818 2412 impediat
841 2348 977 2409 magnas
997 2324 1162 2402 ¹utilitates

133 2412 329 2479 amicorum.
379 2411 590 2498 Omninoque
621 2411 893 2476 considerandum
921 2433 991 2475 esse
1019 2426 1051 2474 et
1082 2411 1161 2496 qnid

157 2499 281 2562 ostnles
305 2499 346 2562 ab
374 2496 480 2572 arnico
506 2511 537 2560 et
561 2496 637 2582 quid
661 2495 826 2584 patiarea
854 2512 885 2560 te
912 2493 1100 2583 impetrari,
1128 2519 1159 2564 c.

170 2581 235 2648 ΙΧ.
260 2581 340 2652 ΧΧ.
381 2580 461 2648 Esse
482 2582 579 2648 etiam
597 2581 689 2668 quasi
708 2597 861 2666 quantam
882 2580 1161 2653 calamitatemin

103 2693 107 2695 ·
132 2667 289 2732 amicitiis
305 2665 504 2732 dimittendis
521 2690 766 2751 nonnumquam
782 2664 1010 2730 necessariam.
1039 2665 1161 2730 Erum·

133 2777 210 2839 pere
235 2752 324 2817 enim
345 2775 439 2840 saepe
459 2749 541 2815 vitia
559 2750 746 2815 amicornm
766 2773 840 2814 curn
865 2750 899 2812 in
924 2749 1011 2836 ipsos
1037 2749 1160 2814 amicos

136 2853 201 2902 tum
221 2837 258 2901 in
276 2836 412 2904 alienos.
455 2836 557 2902 Taies
571 2835 731 2900 amicitias
747 2833 939 2898 remissione
955 2857 1032 2899 usus
1046 2835 1160 2905 eluen-

131 2922 206 3000 das,
235 2921 404 3007 magisque
422 2920 610 2986 dissuendae
632 2943 728 3006 quam
745 2917 971 2984 discindendas
988 2942 1071 3000 esse,
1092 2919 1178 2985 uisi,
1235 2975 1237 2985 ,

132 3007 291 3090 quaedam
305 3006 522 3074 intolerabilis
536 3004 659 3070 iniuria
673 3003 844 3070 exarserit.
887 3003 947 3070 Sin
963 3014 1070 3070 autern
1085 3028 1159 3070 mo·

130 3109 208 3156 rum
230 3107 283 3156 aut
303 3093 486 3157 studiorum
509 3090 720 3167 commutatio
741 3089 900 3175 quaedam
926 3089 1010 3154 sacta
1034 3090 1077 3154 sit
1102 3105 1159 3154 ant

133 3175 171 3240 in
191 3175 237 3240 rei
258 3179 406 3263 publicae
429 3175 575 3262 partibus
599 3175 757 3240 dissensio
773 3173 1008 3256 intercesserit,
1037 3198 1157 3239 ceven-

132 3259 211 3324 dum
228 3285 311 3346 esee,
341 3285 382 3326 ne
405 3285 472 3324 non
497 3262 604 3325 seium
624 3258 788 3328 amicitiae
813 3258 992 3346 depositae,
1024 3259 1078 3323 sed
1103 3258 1157 3322 in-

129 3343 288 3411 imicitiae
313 3346 413 3412 etiam
436 3362 601 3434 susceptae
623 3345 807 3411 videantur.
852 3343 1011 3410 Omnium
1035 3345 1157 3410 horum

128 3430 413 3496 incommodorum
432 3455 533 3494 unam
556 3428 779 3518 provisionem
803 3454 888 3510 esse,
923 3444 960 3494 ut
989 3453 1029 3494 ne
1056 3429 1156 3495 nimia

129 3516 197 3580 trito
227 3516 365 3601 diligere
390 3516 603 3616 incipiamus,
638 3537 721 3581 neve
749 3537 815 3580 non
841 3513 976 3601 dignos.
1024 3513 1155 3600 Dignos

129 3616 241 3666 autem
259 3623 329 3666 esse
347 3601 508 3677 amieitra,
529 3601 645 3687 quibus
664 3600 699 3665 in
716 3598 796 3687 ipsis
815 3623 926 3666 caussa
945 3598 1005 3680 sit,
1027 3622 1086 3664 cur
1104 3598 1155 3662 di·

128 3686 295 3770 ligantur,
318 3709 348 3752 c.
366 3683 466 3755 Xxl.
509 3685 686 3771 Plerosque
704 3702 812 3748 autem
832 3705 985 3772 perverse
1012 3705 1050 3746 ac
1073 3706 1156 3771 pene

129 3769 337 3858 impudenter
349 3770 492 3836 amicum
505 3771 623 3834 habere
640 3771 739 3834 talem
756 3770 853 3850 velle,
875 3766 985 3851 quales
1003 3766 1066 3918 ipsi
1084 3790 1155 3834 esse
1194 3811 1197 3826 ι

129 3879 198 3920 non
215 3839 355 3944 possiam
377 3854 522 3940 quaeque
540 3854 604 3942 ipsi
623 3877 689 3920 non
707 3853 852 3917 tribuant
870 3849 997 3928 amicis,
1045 3875 1101 3917 aec
1114 3855 1155 3918 ab
1218 3857 1226 3872 ‘

129 3937 170 4006 iis
187 3941 385 4018 desiderare.
428 3941 496 4008 Par
515 3965 583 4008 esse
601 3955 709 4004 autem
726 3935 869 4024 primum
887 3935 994 4024 ipsum
1016 3960 1085 4002 esse
1103 3939 1157 4003 vi·

128 4047 203 4090 rum
220 4027 344 4092 bonnm
353 4073 366 4104 ,
386 4041 457 4092 tum
476 4027 615 4092 alterum
633 4023 683 4088 sui
700 4020 843 4086 similem
864 4044 1030 4107 quaerere.
1076 4020 1157 4086 Vir·

129 4124 235 4178 tutum
256 4111 346 4178 enim
364 4111 543 4178 amicitiam
566 4107 759 4176 adiutricem
781 4130 850 4174 esse
868 4121 1019 4172 enatura
1036 4107 1156 4189 datam,

129 4218 193 4262 non
210 4197 369 4269 vitiorum
389 4197 565 4281 comitem,
581 4221 610 4263 e.
628 4190 747 4262 Xth.
791 4193 856 4262 Sed
879 4217 975 4281 quum
992 4193 1104 4260 multis
1120 4191 1157 4271 in
