2850 4940
215 298 225 325 κ
260 301 324 428 2112
465 355 783 429 APPENDIX
825 355 1092 428 CRITIGA.

263 567 373 623 cussus,
395 549 430 608 sd
452 570 575 624 quornm
596 550 796 624 praestantiam
817 551 949 624 proxime
960 549 1093 609 accedunt
1108 549 1298 624 Basileensis‚

262 633 421 694 Berneusis
441 633 485 707 1.,
512 655 634 708 qnorum
662 635 839 694 diversitates
867 636 1018 711 diligenter
1043 639 1189 694 annotarit
1210 635 1299 696 Orel-

261 719 339 792 lius,
370 728 454 793 atque
481 717 665 777 exonienses
687 719 796 793 aliquot
816 720 896 790 iibri,
919 721 955 778 de
976 721 1080 794 quibus
1101 733 1208 793 tamen,
1230 741 1299 780 cum

263 823 363 862 eorum
381 803 492 862 collatio
512 814 639 863 accurata
660 823 717 860 nou
739 806 786 876 sit,
807 803 952 863 difficilius
973 816 1015 861 est
1036 805 1172 862 iudicium
1193 805 1296 865 dicere.

263 887 311 946 bis
331 889 419 962 igitur
439 889 527 963 copiis
547 889 713 964 ceterisque,
735 907 809 962 qnae
831 889 897 946 inde
917 889 953 946 ab
974 887 1055 946 Aldu
1072 887 1202 948 Manutio
1216 909 1294 948 som-
1403 889 1404 896 '

139 1015 145 1033 t
264 983 380 1047 paratae
401 983 498 1047 erant,
530 973 660 1030 omnibus
685 974 724 1032 its
751 991 822 1030 usus
848 979 928 1048 siud,
957 983 987 1030 ut
1013 993 1078 1030 cum
1100 975 1298 1048 cognovissem

264 1058 521 1131 praestantissimos
542 1057 629 1120 libros
643 1077 706 1116 esse
723 1055 920 1116 Erfurteusetn
935 1075 967 1114 sc
981 1054 1235 1116 Vindoboue'usem
1249 1059 1298 1131 ΙΙ.,
1403 1109 1404 1114 ,

264 1159 317 1200 eos
338 1143 515 1215 potissimum
542 1142 572 1200 in
598 1139 652 1200 bac
665 1141 799 1200 editione
826 1141 987 1200 adornanda
1015 1142 1173 1216 sequendos
1195 1145 1300 1200 existi·

264 1245 386 1299 marem,
408 1225 576 1300 quibuscum
597 1224 762 1286 Gudiaunm
784 1226 886 1284 librum
904 1237 932 1285 et
945 1228 1168 1285 uetustissimum
1182 1237 1211 1285 et
1225 1229 1299 1302 opti·

265 1329 347 1367 mum
372 1311 402 1367 in
420 1311 573 1386 'plerisque
599 1307 758 1385 conspicere
785 1321 845 1368 tum
867 1312 990 1385 denique
1016 1312 1152 1389 cognovi}
1180 1331 1247 1369 cnm
1270 1321 1299 1371 ct

267 1391 349 1452 Tulli
370 1395 459 1453 oratio
485 1407 542 1453 tota
570 1405 598 1454 et
625 1397 714 1454 maior
742 1407 809 1470 pars
834 1396 1047 1453 annotationum
1069 1414 1197 1453 mearum
1218 1397 1298 1472 typis

267 1489 364 1536 essent
384 1479 549 1554 descriptae.
590 1481 687 1554 itaque
707 1479 858 1554 pleraque,
886 1499 960 1554 qrrae
988 1499 1042 1554 ego
1062 1500 1102 1538 ex
1122 1473 1297 1556 Erirrrtensi,

264 1559 483 1622 vindobonensi
501 1561 541 1622 ll.
564 1564 684 1638 aliisque
704 1564 784 1622 libris
805 1583 984 1638 receperant,
1006 1564 1070 1622 libri
1094 1565 1194 1638 optimi
1216 1567 1294 1622 testi·

267 1649 365 1706 raonio
391 1647 554 1708 confirmata
582 1660 666 1723 suut3
698 1669 731 1707 ac
756 1649 926 1726 plerumque
947 1649 1007 1706 fere
1028 1647 1296 1724 sactrun‘uidemus,

217 1724 222 1742 ⁸
266 1740 302 1789 ut
322 1732 373 1790 ilie
393 1731 467 1791 liber
486 1735 542 1791 nisi
562 1735 592 1790 in
613 1735 703 1792 solitis
724 1733 902 1792 librariorum
924 1733 1034 1791 ruerrdis
1056 1744 1083 1790 et
1104 1734 1296 1792 imverbornm

267 1815 450 1876 collocatione
456 1860 467 1891 ,
499 1820 528 1876 iu
556 1839 611 1892 qna
626 1817 821 1892 'aliquotiens
844 1819 943 1876 ceteris
964 1818 1043 1876 libris
1063 1819 1193 1876 omuibus
1212 1819 1293 1891 vitio,

215 1895 222 1907 ’
265 1900 435 1972 utvidetur,
457 1901 594 1972 dissentit,
616 1922 631 1958 a
654 1922 717 1960 mea
739 1906 902 1960 recensione
922 1903 1074 1960 verborum
1095 1922 1154 1960 non
1174 1902 1295 1961 recedat.

266 1981 355 2060 Quod
375 2004 433 2058 quo
453 1987 545 2061 magis
563 1998 697 2060 appareat
713 1997 798 2060 atque
813 1987 989 2062 intelligatur
1000 2007 1087 2060 quam
1098 1989 1134 2046 sit
1149 2000 1296 2060 praestans

224 2115 231 2120 .
266 2068 318 2127 iile
328 2067 410 2140 liber,
432 2069 561 2145 singulos
576 2071 714 2144 qrrosdam
725 2071 812 2145 locos,
833 2070 869 2128 de
880 2073 984 2145 quibus
994 2073 1024 2128 iu
1039 2072 1220 2130 annotatione
1231 2071 1295 2130 libri

269 2150 397 2211 Gudiani
418 2154 544 2214 noudum
566 2158 643 2229 potui
663 2156 756 2214 facere
776 2157 964 2228 mentionem,
987 2157 1168 2214 ernrmerabo.

351 2234 400 2295 Ac
424 2240 548 2313 primurn
575 2241 690 2319 (paridem
711 2260 736 2300 c.
762 2247 789 2299 t.
813 2241 844 2313 ἦ.
869 2248 897 2299 1.
920 2238 1071 2299 Gudianus
1096 2244 1183 2298 etium
1208 2243 1295 2316 parti·

267 2321 360 2379 culam
381 2323 411 2380 in
433 2325 544 2382 verbis:
575 2323 667 2382 niolio
686 2327 771 2382 etiam
793 2323 913 2383 breuiter·
930 2339 958 2382 et
978 2323 1121 2384 commoda
1141 2323 1220 2384 dictu
1239 2349 1297 2384 ure·

243 2408 377 2466 ,mariue
396 2404 585 2478 mandendum,
607 2419 717 2480 tuetur,
740 2429 825 2482 quam
848 2429 911 2466 cum
934 2404 1047 2482 optimis
1066 2410 1146 2468 libris
1167 2423 1294 2484 putaram

266 2491 427 2548 neccssaria
449 2493 634 2551 retinendam.
662 2513 686 2551 c.
708 2493 833 2567 eod.1§.
857 2499 885 2552 2.
917 2493 993 2552 idem
1020 2494 1094 2552 liber
1113 2493 1218 2554 babet:
1243 2499 1294 2573 qni

267 2587 330 2632 tum
342 2576 416 2653 fere
435 2575 533 2634 multis
552 2591 615 2634 erut
635 2580 667 2634 in
693 2598 757 2649 ore,
787 2578 863 2653 qrrod
885 2597 938 2653 ego
970 2599 1008 2636 ex
1024 2579 1108 2636 ‘libro
1135 2578 1296 2639 Ersunemi

264 2658 422 2733 multisque
443 2660 507 2720 aliis
533 2661 724 2735 recipiendum
745 2663 895 2721 duxeram.
939 2661 1013 2722 lbid.
1036 2666 1069 2737 θ.
1092 2668 1122 2723 ⁵.
1144 2665 1297 2722 verborum

267 2742 479 2812 collocationem
509 2742 552 2802 od
578 2767 669 2804 sorren
695 2768 800 2822 senem,
830 2768 916 2820 qrram
937 2767 1006 2822 ego,
1034 2759 1130 2806 contro
1151 2769 1182 2806 ae
1201 2747 1298 2806 uoinit

265 2824 408 2904 Beierne,
437 2831 625 2904 retinueram,
655 2831 781 2890 defendit
806 2832 857 2889 iiie
878 2831 969 2904 liber,
999 2835 1104 2906 pariter
1124 2843 1209 2907 atque
1230 2833 1296 2891 eam

265 2916 450 2985 scripturam,
472 2935 558 2987 quam
579 2918 710 2988 reposui,
735 2919 837 2990 scripsi
857 2913 893 2972 de
912 2919 1049 2976 ornicitiu.
1092 2918 1197 2975 ibidem
1217 2917 1297 2976 idem

254 2994 340 3054 ‘liber
359 2995 445 3056 babet
465 2998 592 3057 futurum
614 2999 760 3078 loquetur,
792 3001 882 3074 (prod¹
895 3019 945 3059 cnr
972 3021 1012 3058 ex
1038 3000 1197 3060 Erfurtensi
1221 3003 1294 3060 aliis·

265 3101 324 3153 que
344 3080 424 3142 libris
445 3084 609 3157 receperim,
630 3086 764 3159 scriptum
785 3087 814 3142 iu
829 3086 1009 3144 annotatione
1024 3097 1092 3154 est„
1117 3085 1215 3158 paullo
1233 3095 1295 3160 post

264 3165 420 3224 uerborum
446 3167 673 3228 collocationem:
706 3192 726 3228 a
754 3191 799 3227 ane
828 3173 956 3228 animum
978 3191 1139 3244 parumper
1170 3185 1294 3242 werras,

264 3248 343 3306 idem
365 3250 437 3308 liber
457 3264 562 3312 servat.
584 3272 607 3310 c.
622 3250 651 3312 2¹.
665 3254 696 3326 §-
711 3260 740 3313 6.
762 3252 926 3334 particulam
949 3249 1026 3313 nunc
1047 3253 1198 3313 Gudianus
1211 3257 1294 3313 omit-

265 3334 300 3390 tit
306 3373 317 3402 ,
345 3354 432 3406 quam
457 3335 593 3394 librorum
620 3339 792 3410 optimorum
818 3340 981 3397 anctoritate
1006 3338 1106 3416 duptus
1131 3343 1290 3399 reiecerunt.

265 3429 341 3474 recte
362 3417 466 3477 deinde
485 3419 563 3480 idern
583 3420 657 3481 liber·
676 3417 796 3480 babebat
817 3443 868 3496 pro
889 3423 1005 3499 volgato
1025 3419 1142 3481 haberet
1166 3421 1294 3496 exbibet,

265 3501 344 3575 quod
365 3522 419 3579 ego
440 3505 507 3562 item
529 3507 718 3580 repudiarem.
760 3506 865 3566 ibidem
887 3529 973 3581 quom
994 3529 1048 3584 ego
1069 3511 1162 3582 recepi
1176 3509 1296 3581 scriptu·
1356 3532 1373 3547 ·

265 3605 344 3644 ram:
377 3586 489 3665 qualem
507 3592 539 3647 in
559 3589 671 3669 reliqum
695 3590 820 3650 Graecia
840 3595 993 3665 nemiuem,
1015 3612 1050 3652 eo
1070 3604 1165 3650 tuetur
1185 3590 1296 3650 (india-

265 3688 338 3742 ttnS,
358 3673 435 3745 quod
457 3675 591 3748 scriptum
612 3674 713 3737 babet:
737 3675 849 3756 qualem
871 3679 903 3734 in
928 3675 1053 3735 Graecia
1073 3676 1184 3756 reliquo
1204 3679 1294 3734 nemi·

265 3775 338 3812 nem.
361 3755 428 3815 ibid.
452 3759 483 3833 b.
505 3766 537 3820 7.
558 3759 678 3818 verbum
699 3760 907 3820 substantivum
929 3773 972 3820 est
993 3765 1078 3820 etiam
1099 3764 1128 3820 iu
1148 3758 1292 3835 Gudiann,

265 3839 342 3911 quod
364 3859 418 3917 ego
439 3862 479 3900 ex
488 3839 658 3914 Erfurteosi,
679 3842 807 3904 Vindob.
820 3845 857 3906 lt.
879 3844 1000 3919 aliisque
1022 3846 1105 3904 libris·
1122 3865 1295 3919 receperam,

264 3923 297 3978 iu
317 3925 413 3984 verbis
433 3924 493 3986 bie:
515 3940 548 3985 ut
568 3933 666 3988 omnio
685 3943 737 3987 inu
756 3933 789 3987 in
810 3944 839 3988 re
853 3933 953 4003 positu
973 3951 1030 3988 esse
1050 3928 1149 3990 ductes.
1187 3930 1293 3988 ibidem

264 4007 297 4062 in
319 4005 451 4069 Gudiono
472 4014 606 4086 scriptum
628 4024 686 4072 est:
714 4035 755 4072 ex
779 4009 834 4074 doc
860 4018 926 4072 item
954 4013 1114 4090 Scaeuola,
1141 4016 1218 4090 qood
1241 4035 1294 4088 ogo

197 4169 198 4174 ἵ
265 4111 305 4147 ox
327 4094 433 4151 eisdem
455 4095 535 4156 libris
555 4118 747 4172 reposueram.
777 4099 846 4157 ibid.
869 4100 902 4172 5.
925 4093 954 4160 8.Ι
976 4101 1061 4158 etiam
1084 4102 1114 4157 iu
1136 4100 1209 4158 libro
1232 4098 1294 4155 Gur-

266 4173 351 4237 diauo
372 4178 422 4240 iila
442 4183 578 4256 scriptura
600 4195 653 4255 est,
675 4203 760 4259 qrram
778 4183 949 4258 probandam
961 4193 1101 4260 putaram,
1123 4189 1154 4244 in
1174 4183 1294 4257 collegio
