2850 4940
115 331 1019 458 aanornrronascapxm.acano.
1063 367 1125 435 rm

81 579 159 632 quae
186 567 216 616 et
244 557 383 615 facillime
409 567 476 616 ante
497 571 524 618 et
544 558 710 632 particulam
731 561 813 618 obiici
834 539 925 633 potuit
945 577 998 618 nec
1018 567 1126 618 temere

81 646 120 701 ab
130 643 244 700 librario
258 640 313 698 lrcc
329 641 391 699 loco
401 642 509 700 inferri.
526 645 577 701 etsi
588 641 838 718 igiturBernensis
849 639 1126 718 uterque‚Vind.l.,

83 728 215 801 Gotting.
229 725 336 798 aliique
350 726 414 783 libri
427 729 514 783 etima
526 747 583 786 non
604 725 719 798 habent,
741 740 837 786 tamea
859 729 944 786 ceteri
964 728 1029 786 libri
1050 738 1127 786 recte
1150 770 1156 781 1
1205 749 1208 752 ·

68 811 242 869 defendunt
259 810 439 883 particulam,
460 821 494 868 ut
510 809 636 886 Etiam,
658 809 821 886 Gudianus,
844 812 926 870 lind.
943 809 996 885 ll.‚
1018 804 1126 886 Basta,
1159 877 1163 880 ,

82 896 169 970 Aug.
191 892 235 969 l.,
257 893 340 969 Aug.
366 893 405 952 ll.
438 896 488 966 qui
518 893 618 954 habet:
648 900 806 956 montuosis
830 899 919 954 ctiam
943 892 1126 968 silvestribus,

30 999 33 1008 “
82 981 134 1037 ubi
156 969 188 1036 ctx
204 989 318 1051 propter
340 979 511 1051 praecedens
531 982 618 1036 niam
639 984 777 1038 ornissnm
798 993 842 1040 eat
853 1025 862 1054 ,
894 981 942 1038 alii
962 979 1045 1038 multi
1060 979 1127 1036 libri

84 1063 163 1137 apud
186 1060 388 1120 (iernlrardnm
409 1075 437 1119 et
458 1060 607 1122 Baiarum.
640 1065 678 1123 cf.
700 1086 774 1138 quae
796 1086 881 1140 surpra
902 1065 968 1123 dixi
988 1064 1025 1122 ad
1046 1083 1072 1122 c.
1096 1070 1125 1121 1.

85 1149 119 1222 ᾗ.
146 1155 173 1204 t.
194 1168 223 1220 p.
248 1151 288 1205 84
310 1166 354 1219 sq.
398 1146 434 1204 de
466 1150 602 1223 scriptura
634 1161 730 1207 autem
749 1153 921 1223 naamam,
944 1169 995 1222 pro
1017 1168 1074 1222 qum
1096 1148 1126 1206 in

84 1231 257 1290 editionibus
278 1231 465 1290 deterioribus
486 1233 629 1291 interdum
650 1237 787 1308 scriptum
807 1246 851 1292 est
871 1236 1022 1302 montosis,
1051 1231 1127 1290 coni.

85 1313 147 1372 Cic.
169 1325 240 1372 orat.
256 1335 316 1387 pro
341 1315 394 1372 Gn.
411 1314 535 1374 Plancio
556 1337 580 1374 c.
593 1324 623 1376 9.
640 1319 674 1390 ᾗ.
688 1325 737 1378 22.
752 1319 799 1377 ed.
812 1316 942 1390 Wund.,
964 1317 1013 1374 ubi
1027 1333 1128 1374 omnen

84 1400 169 1471 libri,
196 1400 283 1456 etiam
314 1400 414 1472 optimi
444 1397 604 1458 Bararicns
633 1413 718 1475 atque
747 1401 943 1475 Erinrtensis,
975 1410 1129 1458 montaum

85 1485 225 1556 scriptum
246 1481 351 1541 babent
372 1495 484 1556 praeter
504 1485 647 1558 quendam
670 1486 851 1558 deteriorem,
872 1488 901 1544 in
918 1493 1031 1559 quaest
1045 1503 1127 1542 mon·

85 1581 161 1627 taso.
204 1565 380 1625 Garatonins
400 1579 497 1626 cratem
517 1580 609 1644 errat,
636 1571 686 1644 qni
713 1569 843 1629 Tullium
863 1583 1023 1628 montosam
1044 1585 1128 1640 prae·

85 1652 190 1709 tulisse
223 1652 383 1722 existimat,
402 1652 602 1727 ,quodsecns
632 1666 687 1714 est.
709 1679 711 1682 ·
730 1675 855 1728 namque
887 1656 974 1712 etiam
1003 1651 1126 1709 Portitt.

87 1747 178 1793 orout,
200 1753 225 1792 c.
248 1742 297 1794 10.
322 1736 354 1809 ᾖ.
377 1743 427 1796 36.
450 1735 508 1795 loci
522 1736 611 1810 ploni
631 1757 672 1795 on
696 1741 856 1809 montrmsi,
883 1739 936 1796 etsi
964 1735 1127 1794 Lambinus

87 1819 177 1878 edidit
197 1822 339 1892 monteri,
368 1820 434 1878 libri
456 1832 550 1888 tamen
572 1821 706 1880 videntur
726 1842 826 1881 ornnes
846 1821 951 1880 habere
972 1821 1126 1878 mantuani.

88 1912 186 1961 »rostro
206 1913 301 1960 atatem
324 1903 385 1961 loca
406 1902 442 1962 de
462 1908 601 1979 (curicitico,
622 1917 763 1980 qrmntum
785 1907 919 1981 equidem
940 1906 1041 1980 sciam,
1062 1901 1128 1962 libri

88 1989 184 2045 cuncti
203 1991 360 2045 montuosis
379 1998 504 2047 tuentur.
887 2021 894 2054 ι

173 2067 248 2128 ibid.
271 2067 308 2150 ᾗ.
331 2078 382 2132 09.
416 2070 479 2130 Sed
500 2077 664 2132 nmximrcm
677 2054 730 2132 *cst
750 2076 782 2131 in
802 2077 932 2133 amicitia
947 2093 1051 2147 parem
1071 2093 1129 2130 csse

88 2155 230 2240 inferiori
248 2159 433 2229 asperiorem.
476 2155 526 2215 Sic
539 2155 752 2217 libarVindob.
766 2155 809 2216 ll.
830 2161 931 2232 scripta
953 2157 1024 2216 baec
1040 2156 1128 2214 verba
1221 2177 1224 2181 ·

88 2240 191 2309 habet,
213 2259 304 2314 eaqne
325 2242 478 2300 verborum
499 2241 661 2314 collocatio,
683 2261 749 2299 cum
769 2243 836 2300 libri
857 2242 987 2316 plerique
1007 2237 1128 2298 exhibe·

89 2336 155 2382 rent
174 2327 349 2396 asperiorem
363 2347 468 2398 parem
488 2348 546 2384 csse
564 2326 713 2405 infcriori,
736 2339 880 2400 praestare
896 2325 967 2384 milri
979 2325 1129 2384 ridebatur

89 2407 241 2482 volgatae,
269 2411 346 2482 qrrod
373 2411 414 2468 sic
442 2411 503 2470 fere
527 2411 656 2468 solebant
682 2409 808 2469 Romani
832 2411 955 2470 alterum
982 2411 1017 2468 ab
1039 2408 1129 2466 altero

25 2525 29 2534 .
91 2491 279 2566 srmpendere,
298 2493 373 2551 coni.
393 2515 470 2568 onae
491 2515 576 2568 snpra
599 2496 745 2575 explicavi
759 2496 795 2554 ad
808 2515 834 2554 c.
846 2503 874 2554 t.
887 2497 918 2568 ᾗ.
935 2498 965 2554 5.
977 2517 1006 2568 p.
1021 2501 1058 2554 91
1071 2512 1129 2564 asp,

90 2577 142 2634 ubi
171 2578 256 2634 etiam
287 2577 322 2636 de
349 2577 403 2635 boc
431 2579 492 2636 loco
519 2579 739 2652 explicavimus.
781 2579 858 2652 qrrod
880 2589 976 2636 antem
997 2576 1043 2634 hic
1063 2575 1142 2634 libri*

90 2662 310 2735 praestantiores
329 2663 457 2736 quidam,
480 2662 570 2721 veluti
592 2661 753 2734 Gudianus,
775 2661 963 2734 Erfurtensis,
985 2662 1130 2732 aliisope-

89 2748 199 2802 aionem
219 2746 362 2817 omittunt,
383 2746 433 2803 alii
453 2747 489 2804 ab
510 2747 598 2804 altera
620 2767 708 2804 rnanu
729 2749 882 2820 ascriptum
902 2745 1018 2817 babent,
1040 2743 1131 2803 veluti

91 2827 177 2903 Aug.
198 2826 236 2899 l.,
258 2827 341 2902 Lips.
363 2828 415 2900 11,
437 2833 527 2888 omitti
548 2831 620 2888 illud
641 2832 760 2890 verbnm
783 2850 947 2905 possenna
966 2849 1053 2907 nego,
1079 2825 1131 2886 sed

92 2913 331 2971 crrrnrerborum
355 2914 586 2988 similitudinem,
613 2910 689 2989 quiae
709 2921 819 2989 poterat
839 2935 903 2974 csse
923 2933 1021 2972 caussa
1043 2913 1130 2970 ornis·

92 2998 193 3067 sionis,
215 2996 244 3053 id
265 2997 342 3070 qrrod
362 3010 437 3056 recte
458 2989 622 3058 observarit
642 2997 782 3064 Ocellare,
805 2999 1030 3072 contemplamur
1039 3014 1131 3069 eaque

92 3100 168 3158 qrrae
189 3092 348 3159 sequuntur
370 3084 471 3142 verba:
499 3099 583 3156 saepe
603 3087 679 3141 onim
699 3078 886 3143 excellentiae
903 3079 1044 3159 quaedam
1064 3091 1132 3138 sunt

92 3179 147 3222 otc.
191 3165 412 3240 consideramus,
432 3169 488 3226 vix
506 3169 621 3228 videtur
637 3170 673 3226 ab
690 3170 759 3227 artis
771 3169 883 3226 criticae
894 3167 1001 3240 regalis
1014 3163 1131 3236 reqrriri,

94 3259 127 3307 nt
151 3267 249 3307 vocem
270 3249 349 3308 illam
369 3251 550 3327 abiiciamus,
577 3275 652 3328 quae
679 3265 709 3312 et
735 3255 765 3310 in
791 3252 872 3312 libris
893 3250 991 3310 multis
1011 3247 1132 3306 babetur
1224 3274 1227 3282 ·

94 3344 123 3392 ct
144 3353 162 3390 a
183 3333 338 3392 sententiae
359 3337 469 3395 ratione
496 3338 523 3394 si
547 3359 606 3396 non
635 3339 795 3398 necessaria
821 3337 943 3411 requiri,
972 3345 1004 3392 ut
1029 3331 1132 3393 saltem

94 3436 154 3475 non
175 3417 317 3490 repudiari
337 3419 477 3480 videatur.
499 3423 574 3480 conf.
596 3433 742 3496 praetcrea
762 3441 787 3479 c.
811 3429 863 3480 20.
886 3421 917 3495 ἦ.
939 3427 993 3480 71.

180 3497 254 3562 ibid·
277 3504 310 3584 ᾗ.
332 3509 383 3563 70.
426 3508 477 3583 qui
496 3503 677 3583 aliqrmmdiu
693 3519 815 3580 psopter
833 3506 1045 3581 ignorationem
1065 3501 1133 3557 stir-

88 3587 142 3660 pis
162 3598 189 3642 ct
206 3589 321 3658 garreris
340 3588 544 3666 insomniato
556 3591 687 3669 facerint.
730 3588 787 3647 Hic
806 3587 872 3646 libri
894 3588 1008 3660 optimi,
1031 3595 1062 3642 ut
1079 3582 1134 3641 Er-

94 3669 247 3758 surtenais,
283 3669 451 3745 Gardiaans,
485 3671 614 3733 Vindob.
637 3670 678 3732 ll.
705 3674 848 3744 ceterique
880 3672 931 3744 qui
962 3680 1027 3728 scrut
1053 3687 1138 3741 prae-y

97 3755 246 3812 stantiores
267 3774 299 3812 ac
319 3775 394 3828 pane
415 3776 515 3815 omnen
534 3760 745 3838 ignorationem
774 3754 928 3826 exhibent,
958 3751 1136 3813 Basilcensis

97 3848 126 3894 et
148 3839 228 3910 pauci
250 3839 405 3898 deteriores
422 3841 628 3915 ignorantiam.
651 3842 729 3916 qrrod
749 3861 799 3899 cur
819 3838 1003 3898 reiiciendum
1024 3838 1070 3908 sit,
1083 3853 1136 3892 ex·

98 3921 203 3994 plicari
230 3923 260 3978 in
288 3921 455 3996 Emendotr.
488 3925 622 3984 Tulliam
650 3948 678 4000 p.
712 3933 762 3986 23.
790 3925 828 3983 ad
858 3932 929 3982 orat.
952 3918 1046 3993 cias
1062 3937 1137 3994 quae

98 4014 142 4062 est
159 4023 217 4077 pro
239 4006 277 4067 P.
299 4006 410 4070 Flacco
430 4029 454 4072 c.
479 4015 529 4088 20.
553 4011 585 4085 Q.
610 4017 678 4084 46„
702 4029 743 4068 ex
766 4030 823 4083 qna
844 4000 906 4065 laco
928 4004 1064 4065 eiicienda
1084 4024 1139 4078 pu-

96 4089 193 4146 tabam
214 4087 285 4149 lraec
305 4093 409 4152 rerbar
436 4089 488 4150 ott
508 4091 586 4152 nibil
598 4108 717 4169 possent
737 4092 843 4152 discere
862 4089 927 4150 nisi'
940 4091 1137 4164 ignmontiam

98 4171 292 4236 titanorum..
315 4197 492 4254 quamquam
520 4177 594 4243 illud
619 4195 678 4242 non
705 4198 824 4253 possam
857 4175 1031 4250 concedere,
1063 4167 1140 4248 quod
