2850 4940
251 399 314 466 uo
356 359 860 471 Ιιιιιιοιιτιοιιιιι
904 396 1185 489 ommes.

251 609 332 662 core,
354 608 421 646 omn
442 609 494 663 pro
517 609 568 660 eo,
591 587 668 662 quod
687 589 776 647 nostri
799 585 947 664 homines,
979 587 1031 662 qui
1053 595 1156 662 putant
1175 605 1207 645 se
1228 605 1304 646 esso

252 676 330 748 ipsos
352 670 483 746 Tullios,
506 675 647 731 scribunt:
670 686 756 750 utque
775 669 817 730 ud
836 669 890 730 Irus
910 693 956 730 res
973 668 1202 745 contionabundus
1218 684 1303 728 tem-

252 777 339 835 quum
359 756 522 831 exerrrplum
544 755 643 814 rettulit
654 755 795 834 quasdem
814 759 940 848 irremotis
957 759 1060 814 aetatis
1079 753 1301 826 similitudines,

253 841 352 898 cicero
362 841 453 916 dixit,
476 859 542 898 urm
559 843 676 900 sentiret
697 861 771 914 quae
788 861 834 899 res
850 852 946 899 essent
964 851 1070 914 certus,
1093 861 1192 898 eorum
1207 843 1304 898 etiam

253 924 422 999 exemplum
450 935 558 983 certum
584 944 663 1000 esse,
694 945 746 998 per
773 925 934 1002 elegantem
957 945 1075 983 cosmon
1108 926 1301 982 brevitatem:

253 1023 339 1087 atque
359 1029 458 1067 eorum
478 1031 575 1066 rerum
595 1003 772 1082 ιιαιιιιιιρῖιιιιι,ι
790 1011 810 1066 i.
833 1031 860 1088 ιι.
879 1009 1066 1082 exemplum,
1094 1029 1152 1082 quo
1175 1029 1226 1066 eee
1249 1029 1303 1066 res

254 1094 419 1168 probentur,
441 1105 486 1150 ee·
499 1091 688 1150 similitudine
701 1091 832 1166 cupiebat
842 1096 968 1150 ineuntis
979 1096 1083 1150 amotis
1096 1094 1116 1149 i.
1132 1113 1158 1150 e.
1174 1095 1304 1166 sumpsit

256 1198 297 1234 ox
319 1197 352 1234 eo
375 1176 571 1246 similitudine,
593 1198 668 1250 quiue
688 1178 762 1235 solet
784 1179 906 1250 conspici
921 1180 949 1234 iu
964 1179 1080 1234 ineunte
1093 1187 1195 1235 aetate.
1218 1176 1304 1249 qrrod

256 1271 353 1320 nortem
373 1281 426 1334 pro
446 1281 507 1318 uuo
528 1281 590 1318 cum
605 1275 765 1334 praeterito
780 1273 960 1334 ponerentur
979 1261 1158 1319 scribendum
1180 1262 1301 1333 putavi·

255 1365 317 1402 ιιιιιι
343 1365 408 1403 cum
429 1332 588 1418 prrrmextlr
609 1358 678 1420 toga
694 1358 890 1418 ponerentur,
917 1344 948 1402 id
968 1345 1075 1403 fuctum
1097 1355 1140 1402 est
1161 1363 1199 1401 ex
1222 1347 1301 1416 opti-

187 1429 190 1435 ’
256 1449 369 1487 ιιιοιιιιιι
384 1429 520 1486 librorum
533 1431 708 1504 auctoritate,
730 1429 810 1487 velut
823 1427 1142 1505 Erfrrrtensis‚liudob.
1158 1424 1199 1484 ll
1215 1425 1303 1485 (iud.

258 1519 330 1582 335.
354 1510 610 1592 (Guolpberb.)‚'
601 1535 633 1570 ιιι
648 1535 706 1586 ιμιο
723 1524 819 1571 tumen
835 1513 973 1572 vocabulo
992 1527 1061 1586 togu
1074 1513 1302 1586 superscriptum

257 1606 300 1654 est
321 1612 479 1671 mortemue,
501 1609 610 1671 septem
630 1599 769 1656 librorum
794 1596 926 1671 Manuti,
948 1597 1143 1670 aliorumque,
1171 1597 1219 1668 qui
1241 1598 1301 1652 etsi

256 1681 337 1740 vorin
355 1701 387 1738 ac
403 1683 491 1740 inulta
509 1682 682 1758 glossemata
699 1694 887 1756 recepernrrt‚‘
911 1697 1007 1740 tameo
1024 1701 1096 1755 pene
1117 1699 1217 1738 ornnes
1238 1701 1301 1737 nuo

258 1785 397 1824 consensu
415 1767 536 1825 verbnm
549 1780 619 1841 toga
633 1778 765 1842 servmrt3
787 1767 886 1824 mdlns
900 1777 996 1824 eutem
1013 1765 1105 1824 codex
1118 1785 1229 1836 eorum,
1246 1765 1302 1837 qui

223 1921 227 1930 ἱ
258 1863 385 1907 accurate
400 1850 494 1907 collati
510 1863 604 1921 sumt,
616 1854 745 1926 cognitus
757 1862 802 1908 est
813 1851 890 1910 istud
905 1871 1010 1908 nomeu
1020 1869 1137 1924 prorsus
1153 1849 1300 1906 omittere.

258 1943 292 1990 ut
309 1934 396 2007 igitur
412 1953 470 1990 uou
487 1953 628 2008 tregamus
644 1937 769 2008 potuisse
789 1936 910 1993 verbum
934 1948 1019 2008 togae
1036 1954 1076 1992 ex
1098 1933 1300 2008 grammatico·

258 2037 322 2074 rum
340 2016 512 2091 glossemate
530 2015 630 2090 adiici,
650 2021 688 2076 ito
706 2022 759 2077 vix
778 2005 912 2078 credibile
932 2030 974 2078 est
991 2039 1054 2078 esse
1068 2017 1163 2076 illud·
1155 2039 1185 2074 ιιι
1203 2019 1301 2074 omui·

257 2101 313 2159 bus
327 2100 407 2160 libris
427 2104 596 2175 ascriptum,
617 2105 672 2160 uisi
690 2105 847 2176 profectum
864 2114 941 2162 esset
958 2104 1073 2178 abipso
1089 2101 1197 2162 Tullio.
1219 2102 1302 2176 quood

259 2206 294 2244 eo
325 2179 408 2243 debet
431 2187 606 2260 probabilius
623 2207 703 2259 esse,
736 2187 813 2260 quod
831 2189 867 2245 ab
884 2190 1028 2262 euporius
1049 2188 1154 2246 dictum
1169 2197 1212 2246 est
1226 2199 1301 2259 rogo

253 2281 423 2344 preretexttr,
430 2290 515 2344 quem
524 2271 863 2344 simplicitermueteetu,
870 2293 1045 2346 utrumquem
1055 2274 1223 2346 posteriores
1228 2287 1299 2328 sen

258 2364 354 2426 ptores
359 2366 546 2426 praesertum
558 2355 727 2428 plerumque
740 2377 792 2429 pro
803 2370 873 2431 tego
881 2370 1046 2430 praetextu·
1043 2357 1197 2414 dixerunt.
1212 2375 1298 2412 uum·

259 2457 316 2510 que
337 2449 367 2495 ut
390 2448 495 2494 tuceom
518 2437 627 2497 Aecus.
649 2440 735 2498 too.
761 2438 884 2498 Verrem
903 2441 954 2498 lib.
967 2437 1010 2499 V.
1029 2459 1053 2497 c.
1075 2446 1123 2499 19.
1140 2441 1171 2512 §.
1186 2445 1236 2496 36.
1259 2434 1298 2494 ob

258 2532 469 2580 serumserum
485 2517 611 2580 laborem
630 2537 656 2580 et
674 2523 731 2582 soll
730 2515 902 2584 icitudr'uem
900 2525 1041 2604 fredos
1042 2521 1109 2581 illos
1122 2521 1216 2594 datos,
1238 2542 1298 2578 uu·

257 2608 409 2683 tiquiorem
427 2608 459 2662 s'n
475 2621 576 2664 senatu
592 2612 748 2666 sententiae
767 2606 902 2666 cliceudue
919 2607 1038 2679 locum,.
1049 2621 1146 2680 togam
1153 2619 1296 2679 promm-

258 2703 336 2760 tum,
358 2688 458 2746 sellum
473 2689 616 2762 curulem,
638 2694 684 2749 ius
699 2695 836 2765 luutgs'uis
855 2690 896 2749 ud
911 2695 1076 2750 mensorium
1085 2693 1297 2764 poseritutem·

258 2795 313 2851 que
319 2769 499 2846 prodendae.
512 2784 541 2831 et
553 2785 622 2832 orat.
632 2796 692 2848 pro
706 2775 744 2834 P.
759 2776 852 2834 Sestio
863 2795 887 2833 c.
901 2782 951 2834 69.
965 2777 996 2849 6.
1014 2781 1085 2836 144.
1105 2778 1154 2832 mci
1164 2777 1299 2847 srrperior

257 2878 353 2914 eunus
373 2854 447 2914 idem
468 2871 494 2914 et
515 2857 625 2914 virilem
640 2863 739 2932 putris
759 2873 786 2916 et
801 2873 988 2932 praetextum
1004 2858 1111 2932 populi
1122 2855 1230 2916 iudicio
1251 2872 1297 2916 to·

255 2961 325 3013 gum
345 2937 467 3013 dederit,
488 2942 592 3016 quibus
612 2944 643 2998 iu
664 2942 734 3000 locis
754 2943 837 3002 sucile
859 2955 975 3017 opporet
995 2963 1106 3014 eoussu,
1127 2963 1178 3000 cur
1191 2947 1297 3001 uor'neu

257 3036 341 3096 togae
361 3024 533 3098 adscriptum
553 3028 607 3084 sits
629 3023 683 3084 hos
694 3029 780 3102 igitur
801 3039 832 3084 ut
853 3039 961 3084 taceam
981 3027 1069 3102 locos,
1091 3029 1176 3086 etiam
1198 3029 1228 3083 iu
1251 3047 1297 3084 ce·

211 3115 216 3122 “
255 3109 325 3190 teris
350 3107 437 3180 locis,
469 3110 519 3167 ubi
546 3110 626 3168 nullu
649 3113 712 3168 eius
730 3109 807 3169 molli
829 3131 928 3170 carossa
941 3123 1041 3186 ,potest
1067 3113 1199 3182 subesse,
1228 3123 1297 3184 toga

250 3206 409 3270 praetexto
430 3196 564 3266 seriptum
586 3204 639 3254 est.
682 3196 758 3253 conf.
778 3199 811 3252 iu
836 3194 873 3252 V
869 3217 926 3253 err.
942 3196 993 3255 lib.
1006 3194 1049 3254 V.
1063 3215 1086 3253 c.
1101 3201 1150 3254 44.
1176 3197 1296 3268 §.tls

255 3278 359 3348 eripies
377 3279 470 3348 igitur
485 3275 603 3349 pupillo
623 3292 720 3352 togam
736 3281 943 3352 prememomt
931 3277 1106 3338 ldetmlres
1127 3291 1297 3337 omarumrtu

255 3379 315 3416 uon
335 3357 427 3416 solum
439 3359 597 3438 fortunae,
619 3359 672 3419 sed
689 3367 775 3421 etlam
792 3367 960 3438 genuitatis.
982 3365 1111 3422 eiusdem
1129 3364 1228 3420 libric.
1243 3371 1294 3424 58.

257 3441 289 3516 ξ.
319 3449 389 3502 tol.
416 3464 506 3521 neque
532 3458 560 3502 te
585 3459 646 3503 tum
670 3446 817 3520 rrrouelmt,
846 3444 926 3526 qood
950 3468 1014 3506 nuru
1039 3462 1110 3522 toga
1125 3461 1294 3520 praetexto,

255 3548 343 3604 quam
346 3524 442 3604 quod
459 3531 520 3585 siue
540 3525 621 3588 bullo
641 3546 765 3589 uenerat.
808 3531 897 3589 Adde
918 3530 1038 3608 epistol.
1047 3529 1179 3610 adsum
1193 3531 1243 3588 lib.
1257 3532 1293 3590 ΙΙ.

255 3631 301 3684 ep.
325 3617 374 3670 16.
398 3612 429 3685 §.
451 3619 483 3672 7.
504 3613 550 3672 ed.
574 3611 668 3673 Orell.
689 3629 787 3688 rogum
804 3629 990 3690 praetextum
1018 3619 1083 3674 texi
1108 3614 1203 3689 (herto
1219 3628 1294 3688 puto

128 3715 167 3786 ιι
240 3708 282 3752 ιιι
303 3692 426 3752 audisse.
471 3707 516 3770 ot,
537 3699 643 3771 iuqrris,
666 3693 699 3757 st
711 3710 753 3757 et
761 3699 825 3756 libri
848 3719 948 3758 omnes
970 3710 999 3758 et
1016 3697 1097 3757 Tulli
1119 3698 1294 3757 consuetudo
1383 3765 1386 3778 ¹

254 3789 370 3837 tuentur
390 3792 487 3852 togam
501 3795 700 3857 muetos-tum,
723 3784 771 3856 qui
793 3783 898 3840 factum
921 3794 980 3855 est,
1003 3793 1035 3841 ut
1056 3783 1227 3858 glossemate
1243 3782 1293 3840 ills

254 3861 377 3926 absurdo
398 3862 513 3936 qrridem
533 3867 740 3939 reciperentur,
768 3865 863 3940 qrrolio
885 3878 953 3928 sunt
972 3887 1034 3924 sonu
1054 3887 1118 3925 cum
1133 3879 1294 3940 pruueaetu

253 3959 402 4018 usuunpto
423 3941 564 4027 (suompte)
585 3963 663 4023 togo.
704 3959 742 4008 ne
764 3949 819 4008 boc
845 3951 961 4024 quidem
983 3949 1098 4010 difficile
1120 3963 1163 4010 est
1183 3949 1219 4008 od
1240 3969 1294 4007 ex·

253 4028 426 4104 plicandum.
468 4032 575 4090 etenim
602 4054 659 4092 uon
686 4046 760 4092 reete
789 4047 924 4108 seponunt
950 4033 1058 4093 librarii
1084 4032 1161 4094 hunc
1187 4034 1293 4105 locum,

254 4111 331 4187 (ruod
352 4115 549 4189 coniungendo
569 4118 656 4176 verbo
677 4137 742 4175 uum
757 4132 918 4191 praetem
943 4131 1012 4192 toga
1040 4139 1098 4176 uon
1119 4119 1293 4177 arbitraren-

253 4212 310 4273 tur,
332 4197 383 4256 sed
397 4211 584 4274 premortuus
604 4221 657 4275 per
676 4221 708 4260 se
730 4201 784 4260 dici
807 4212 950 4280 portarent,
971 4217 1071 4279 rogum
1090 4215 1187 4263 autern
1204 4205 1293 4262 iuter·
