2850 4940
224 299 286 368 ιιι
315 285 917 389 Annorurtouus'cap.
942 295 1038 367 vtu.
1060 301 1096 386 s.
1120 295 1174 370 ιι.
1246 391 1248 396 ¹

222 491 255 566 θ.
278 498 330 552 36.
357 511 409 554 nee
434 507 501 550 uero
525 491 643 566 corpori
671 490 743 552 soli
767 489 988 554 muneratum
1014 505 1073 568 est,
1102 489 1154 552 sed
1177 500 1273 554 ruenti

220 590 307 658 utque
327 580 425 635 auimo
445 574 536 634 multo
556 580 678 652 magis„
712 577 759 635 ubi
786 578 839 636 etsi
865 577 931 634 libri
956 575 1132 636 Erltruertsis
1154 590 1182 638 et
1204 579 1269 638 Be·

125 693 131 713 ι
220 661 367 732 silemsis,
393 661 430 718 ed
457 680 530 734 quos
555 663 612 718 iem
639 662 775 720 accedunt
800 659 1045 721 vindobonenses
1077 664 1178 735 erube,
1215 687 1271 722 nec

220 765 287 803 uero
312 749 428 819 corpori
455 743 548 802 solum
575 744 731 817 exhibent,
766 757 862 804 tumen
891 743 1036 804 Porisirnu
1067 749 1165 822 regius
1191 751 1269 822 opti-

222 849 299 904 mus,
322 828 514 903 Trevirensis,
537 827 744 906 Heeueliauus,
765 833 852 889 ceteri
872 831 937 888 libri
958 831 1104 906 volgatum
1126 853 1142 889 a
1161 851 1270 906 meque

222 925 364 976 servatoru
391 916 559 986 scripturum
588 925 719 987 tuentur,
747 935 822 988 quoe
842 935 899 992 pin
928 917 1076 974 itumutoto
1097 919 1154 989 sit,
1180 917 1269 974 focile

221 999 400 1074 intelligitur.
428 997 479 1056 lib.
509 995 545 1056 de
572 999 729 1078 officiisl.
757 1019 782 1056 c.
806 1006 835 1059 4.
866 1001 898 1073 ᾗ.
926 1006 973 1058 tt.
1000 999 1198 1078 impellitque,
1232 1015 1270 1058 ut

221 1079 370 1140 leoruinuru
389 1099 485 1140 coetus
504 1096 532 1140 et
560 1080 761 1142 celebrationes
781 1097 810 1140 et
829 1103 887 1142 esse
907 1097 934 1140 et
955 1105 974 1142 n
994 1104 1024 1140 se
1046 1081 1121 1142 obiri
1141 1083 1208 1142 uelit
1229 1083 1268 1143 ult

221 1187 341 1244 crusque
342 1187 465 1224 caumes
491 1163 604 1224 student
626 1189 739 1242 purete
770 1189 819 1238 eu,
852 1189 927 1245 queue
957 1166 1139 1270 steppediteut
1171 1183 1199 1226 et
1224 1168 1272 1226 ud

220 1249 329 1309 cultum
350 1265 377 1308 et
398 1247 440 1308 od
459 1253 572 1322 uictum,
594 1272 645 1310 nec
665 1243 749 1310 sihi
762 1251 850 1324 soli,
882 1250 934 1310 secl
951 1255 1080 1326 coniugi,
1103 1251 1201 1310 liberis
1220 1274 1268 1312 ιιι-

221 1339 354 1413 terisque,
374 1355 446 1414 quos
465 1355 550 1394 coros
570 1332 674 1394 ltrebeut
694 1340 824 1414 tuerique
845 1333 971 1407 debent„
995 1337 1042 1392 ubi
1064 1357 1150 1395 tremo
1163 1337 1268 1396 adhunc

221 1419 257 1478 de
279 1431 390 1494 recepte
412 1421 548 1493 scriptura
570 1421 719 1480 doubitarit.
743 1421 793 1480 lib.
815 1419 851 1478 ele
871 1417 983 1498 finibus
1003 1419 1029 1478 l.
1050 1441 1076 1478 o.
1091 1429 1139 1480 11.
1162 1424 1195 1497 ς.
1212 1429 1267 1482 37.

220 1525 280 1562 non
300 1507 376 1562 enim
402 1501 479 1562 lunc
504 1504 619 1564 solnm
639 1508 801 1583 sequimur,
829 1524 903 1582 quoe
922 1508 1064 1562 suauitate
1084 1505 1186 1582 ulique
1207 1527 1260 1566 ιιιι-

220 1601 318 1646 turum
344 1591 438 1662 ι’]ιιιιιιι
465 1603 555 1648 mouet
589 1603 616 1647 et
642 1610 709 1648 curu
739 1587 919 1652 iucunditate
951 1587 1079 1666 quodum
1101 1593 1269 1664 percipitur

221 1671 364 1732 sortibus:
385 1669 437 1731 sed
455 1677 617 1732 mouimum
638 1673 908 1748 illum-uoluptatum
928 1669 1081 1745 hebemus,
1104 1695 1179 1751 quae
1194 1695 1268 1748 per·

220 1761 328 1832 cipitur
345 1760 440 1814 'omni
470 1755 570 1816 dolore
601 1757 741 1817 detracto.
805 1759 878 1817 adde
907 1755 952 1816 his
979 1757 1048 1816 Livi
1080 1758 1131 1816 lib.
1160 1755 1264 1818 lister.

221 1839 384 1901 xxxix.
408 1861 432 1898 c.
450 1849 478 1901 6.
501 1861 645 1918 neptreco
666 1842 745 1900 solu
765 1845 911 1923 infantiae
931 1855 1025 1909 erunt,
1047 1863 1122 1919 queue
1143 1846 1175 1900 in
1190 1865 1267 1916 pro·

219 1930 315 1985 uincire
329 1924 438 1999 procul
465 1923 502 1982 ab
523 1925 613 1984 oculis
625 1929 718 2007 s'nctu
738 1925 954 1996 ιιιιιιιιόιιιιιιιι,
983 1924 1139 1985 sedetiam
1159 1931 1267 2000 magis,

220 2033 294 2090 quoe
313 2015 346 2070 in
366 2007 504 2068 militibus
524 2013 586 2068 eius
608 2009 735 2090 quotidie
761 2009 1017 2085 conspiciebantur.
1061 2011 1145 2068 fusile
1167 2021 1267 2070 ιιιιιὶιιιι

219 2097 396 2172 intelligetur
423 2117 516 2170 neque
537 2096 614 2156 idem
645 2117 724 2172 esse,
748 2096 862 2154 dicesne
895 2115 953 2152 nort
975 2093 1117 2152 solus—
1111 2093 1187 2154 sed
1210 2127 1264 2166 -,

218 2203 278 2252 non
298 2179 438 2239 solus-
462 2177 515 2238 secl
538 2186 624 2240 etium
645 2213 705 2252 -,
735 2201 772 2238 ιιιι
793 2201 852 2238 nou
874 2178 1028 2238 solum-
1049 2176 1101 2236 sed
1119 2209 1178 2254 -,
1205 2200 1267 2238 nou

218 2261 370 2326 solum-‘-
384 2262 436 2322 secl
452 2267 539 2322 etium
547 2297 614 2343 ·-,
636 2275 665 2324 et
686 2265 743 2322 elio
764 2265 827 2323 loco
850 2277 923 2322 recte
945 2263 998 2320 dici
1021 2283 1080 2320 nou
1096 2262 1184 2338 solus,
1206 2257 1264 2323 elio

219 2369 278 2407 nou
299 2351 379 2408 item.
422 2350 527 2406 etenim
549 2352 661 2430 quoties
681 2369 742 2407 non
761 2348 840 2406 solus
862 2329 965 2406 dieitur
985 2350 1077 2423 retegis
1091 2347 1163 2406 illud
1185 2347 1266 2406 solus

219 2437 367 2510 cumipse
389 2451 510 2508 persono
531 2424 673 2509 cohaeret,
696 2435 732 2493 de
754 2454 811 2508 que
833 2433 989 2508 loquimur,
1011 2449 1070 2490 nou
1092 2451 1157 2491 cum
1178 2433 1264 2504 fecto,

219 2521 297 2596 quod
318 2520 528 2593 exprimimus,
559 2522 598 2578 itu
620 2529 651 2578 ut
672 2529 735 2577 tum
756 2518 1008 2591 solitudinis,
1039 2527 1071 2574 nt
1092 2520 1131 2575 ita
1158 2517 1264 2588 dicum,

219 2603 297 2664 trotio
318 2605 412 2679 inagis
434 2605 564 2672 videntur
586 2605 682 2678 urgeri
688 2645 699 2675 ,
727 2604 775 2661 ubi
798 2623 852 2662 nos
873 2603 1019 2660 dicemus:
1041 2597 1090 2659 icle
1110 2599 1161 2658 bin
1180 2597 1263 2660 nicltt

219 2689 272 2750 der
297 2687 424 2762 Einuige
451 2720 510 2758 -·,
545 2683 670 2747 seudum
700 2683 776 2746 unuln
802 2684 910 2744 Andre
935 2708 966 2743 u.
993 2703 1017 2742 st
1036 2687 1080 2743 u.
1112 2685 1177 2746 vel:
1208 2683 1265 2744 ilm

220 2771 300 2835 uictu
324 2773 369 2832 uls
395 2770 451 2830 den
477 2770 704 2846 Einzigenffi
729 2768 854 2830 sonderu
875 2767 951 2846 oncle
971 2767 1088 2830 Andre.

308 2857 427 2915 ibidem.
475 2855 548 2937 (luis
574 2871 615 2914 est
639 2861 699 2938 qui
713 2856 747 2915 G.
770 2853 911 2928 Fabrici,
940 2853 1001 2913 M.
1026 2852 1126 2912 (luri
1119 2875 1178 2912 non
1198 2875 1265 2912 cum

221 2945 345 3002 curitme
371 2939 473 3017 ulique
500 2916 707 3000 benevolentior
734 2944 900 2998 uermerium
926 2952 1065 3013 usurpet,
1087 2960 1159 3016 quos
1177 2959 1263 2995 nuore-

221 3047 309 3107 prum
335 3021 461 3083 uiderit?
498 3027 562 3103 quis
587 3039 628 3084 est
654 3039 750 3084 cutem
780 3027 831 3102 qui
856 3023 1056 3102 Tarquinium
1088 3021 1263 3103 Superbum,

222 3116 273 3190 qui
293 3109 349 3186 Sp.
374 3109 521 3182 crustum,
550 3109 604 3184 Sp.
627 3109 774 3169 Maelium
794 3129 854 3166 nou
875 3105 994 3166 oderit?
1035 3105 1112 3180 quod
1133 3128 1188 3182 ego
1209 3106 1265 3166 hoc

221 3199 283 3254 loco
311 3206 425 3254 secutus
453 3214 518 3252 sum
541 3193 698 3270 Reiorum,
734 3195 854 3268 quiex
880 3195 977 3266 paucis
1007 3211 1103 3266 neque
1130 3195 1171 3250 eis
1194 3194 1265 3249 setis

221 3281 347 3356 probetis
368 3279 449 3336 libris
475 3278 583 3338 editur
614 3299 679 3336 cum
704 3281 827 3337 curitrrte
852 3277 953 3354 aliquo
980 3275 1202 3346 beneuolentiae,
1232 3276 1264 3334 id
1301 3308 1303 3314 ·

222 3385 280 3422 uon
300 3363 403 3421 idcirco
425 3361 530 3421 luminu
552 3373 612 3434 est,
643 3364 721 3438 ‹ptod
747 3363 805 3420 iilis
827 3363 907 3420 libris
928 3359 1080 3433 Gotlmuo,
1108 3360 1262 3419 Dresduuo

224 3455 312 3524 117.‚
338 3447 451 3508 Metelli
479 3448 603 3522 denique
635 3450 802 3522 quidquem
819 3448 991 3504 auctoritatis
1022 3447 1188 3518 tribuerem,
1212 3445 1264 3504 sed

130 3555 134 3562 ·
220 3536 297 3610 qu'od
319 3554 360 3592 ex
380 3543 538 3592 ceterorum
558 3533 697 3592 librorum
717 3531 898 3611 corruptelis
907 3541 934 3589 et
955 3531 1086 3605 vestig-iis
1107 3527 1179 3587 nihil
1201 3549 1263 3586 rne-

220 3621 278 3679 lius
298 3619 444 3680 videretur
464 3637 547 3694 posse
569 3617 662 3688 effici,
684 3637 771 3690 qurum
792 3615 864 3674 illud
887 3603 963 3689 erut,
993 3613 1115 3688 quod
1092 3634 1154 3674 sum
1175 3612 1264 3671 dubio

145 3765 148 3775 ,
220 3708 315 3780 ipsum
336 3724 451 3778 quoque
472 3724 513 3762 ex
533 3704 691 3761 coniectura
713 3703 741 3758 in
764 3703 833 3758 istos
854 3699 941 3758 libros
962 3701 1084 3773 irrepsit.
1113 3699 1162 3756 olii
1183 3697 1264 3754 etnim

220 3791 302 3862 libri,
336 3801 367 3848 ut
388 3787 582 3858 Erlurtensis,
611 3784 778 3844 Vindobou.
800 3785 848 3854 ΙΙ.,
875 3772 1111 3858 Heerrelienus,
1128 3781 1296 3840 Pronoea--

221 3893 276 3930 nrm
302 3871 423 3932 habent.
461 3885 526 3932 cum
556 3873 678 3930 caritate
703 3868 804 3948 ulique
832 3827 985 3940 leueootu,
1020 3869 1086 3938 elii,
1119 3887 1182 3925 cum
1210 3887 1261 3924 cu-

219 3961 306 4016 ritute
322 3957 437 4034 telique
455 3955 664 4026 benevolorum,
696 3965 729 4012 ut
756 3951 950 4028 Besileeusis‚
977 3947 1308 4010 vindobonensisl.

220 4041 270 4100 olii
290 4061 356 4100 cunt
376 4043 507 4100 caritatis
532 4040 634 4118 ulique
655 4037 862 4110 benevolentia,
890 4049 920 4095 ut
950 4033 1188 4109 OxotriensisL,
1210 4034 1261 4092 olii

218 4147 283 4188 cum
303 4129 431 4187 curitute
458 4125 559 4206 aliquo
580 4137 606 4184 et
628 4115 834 4194 benevolentia,
867 4132 898 4181 ut
920 4119 1107 4180 Oxouieuses
1128 4119 1262 4195 plerique

1291 4219 1319 4236 d
