2850 4940
247 325 308 394 nr
349 273 838 396 Arno‘rfflonns
882 319 1189 415 asponon.

244 530 351 584 uetur..
374 517 422 575 nbi
443 515 542 574 itidem
563 533 719 589 pronomen
741 511 897 592 quidquam
918 510 1021 570 faloam
1034 511 1203 570 sententiam
1219 511 1286 572 effi·

244 613 329 660 soret.
372 599 446 658 Ibit.
476 603 507 676 ᾗ.
531 604 584 658 tt.
625 602 694 656 item
719 601 850 656 ritiostrm
876 611 916 656 est
942 609 1034 656 attera
1061 610 1114 654 ara
1138 599 1288 656 odernam

244 700 295 744 ara
315 683 443 744 studium
463 681 619 762 quodpiam
640 686 803 755 vituperare
817 695 940 755 propter
961 701 1060 738 eoram
1078 683 1159 751 vitia,
1181 685 1232 758 qui
1253 685 1286 738 in

243 790 276 828 eo
297 768 392 827 studio
413 782 489 826 sunt.
534 768 657 840 deniqne
678 767 729 824 lib.
747 766 795 824 ll'.
817 785 841 824 c.
859 773 908 824 30.
933 768 965 840 ᾗ.
988 771 1039 824 41.
1084 778 1117 820 tu
1137 768 1286 824 iaanuno

244 851 333 912 areles
354 852 462 924 dicere,
494 855 545 929 qui
570 872 663 924 nuper
683 851 795 908 alietate
816 848 894 908 danti
916 890 965 908 ...
987 869 1047 905 nou
1068 852 1160 914 amira
1181 847 1285 922 dicero,

243 959 279 996 ne
299 959 364 996 cum
384 951 412 994 te
432 936 523 1011 digua
543 933 666 1009 dixero,
692 955 736 992 me
761 932 913 1007 indignum
940 931 1089 1010 quidpiam
1112 931 1222 996 dixisse
1243 938 1285 1002 vi·

243 1020 335 1093 cietur„
357 1041 415 1100 qno
437 1025 466 1078 in
490 1021 550 1078 loco
571 1039 729 1093 pronomen
751 1016 909 1096 quidquam
930 1018 1011 1076 nullo
1030 1021 1217 1092 pactolocntn
1234 1023 1286 1083 hs-

245 1107 310 1181 hers
333 1107 443 1180 poterit.
488 1102 592 1176 Neque
614 1106 856 1176 veroquisquam
878 1101 924 1162 his
945 1105 975 1163 in
996 1105 1065 1164 locis
1087 1105 1208 1166 offendit
1229 1111 1286 1167 cn'-

244 1193 331 1260 ticus,
353 1199 504 1250 senserant
525 1189 602 1246 enim
623 1187 706 1258 sanilo
727 1186 773 1260 luis
794 1187 863 1248 locis
884 1210 1040 1265 pronomen
1062 1191 1139 1249 istud
1160 1213 1177 1250 a
1198 1195 1287 1266 parti·

243 1273 306 1332 culn
329 1275 462 1348 negativo
484 1291 547 1330 esse
568 1274 608 1334 ila
628 1274 868 1348 discemendam,
890 1286 922 1332 nt
942 1274 996 1334 hoo·
1017 1295 1069 1349 per
1089 1296 1121 1334 se
1142 1287 1208 1350 stet,
1230 1298 1286 1336 ne-
1351 1323 1359 1332 .

243 1361 388 1434 gastonem
410 1370 505 1418 nntnn
527 1358 563 1416 sd
584 1369 673 1418 lolam
693 1355 803 1418 tanturn
824 1363 1010 1431 sententiam,
1043 1380 1099 1418 non
1127 1361 1163 1426 sd
1190 1364 1285 1423 otonis

243 1445 307 1500 eins
327 1443 414 1518 partis
430 1445 586 1518 pertinere.
629 1444 660 1502 it
680 1446 786 1520 optime
806 1443 995 1520 intelligimus
1012 1461 1051 1506 ex
1066 1445 1123 1502 olio
1140 1442 1285 1506 Ciceronis

243 1527 323 1602 loco,
346 1530 395 1602 qni
418 1541 461 1587 est
482 1530 511 1586 in
534 1539 617 1604 orso,
639 1549 713 1602 qrrne
735 1539 778 1587 est
793 1550 852 1603 pro
873 1529 911 1586 P.
939 1527 1058 1611 Quintio
1078 1549 1103 1588 o.
1122 1536 1154 1592 4.
1177 1533 1207 1604 ᾗ.
1231 1534 1283 1590 ts.

201 1637 204 1646 ¹
243 1631 300 1696 quo
320 1627 434 1678 mortuo
456 1635 508 1674 nec
528 1617 572 1672 ita
592 1612 683 1674 multo
699 1627 768 1688 post
788 1617 820 1670 in
835 1612 966 1672 Galliam
973 1612 1284 1696 proficiscitur‚(luiu-

244 1701 312 1756 tius.
355 1695 396 1756 ibi
416 1719 481 1758 cum
501 1701 557 1757 isto
578 1697 690 1757 Naeuio
702 1698 902 1778 familiariter
921 1701 999 1756 oioit.
1027 1699 1284 1778 anuumfereuua

244 1796 327 1854 nent,
349 1803 412 1840 oum
433 1797 460 1841 et
482 1781 517 1840 cle
536 1787 668 1842 societate
688 1786 764 1841 inter
783 1803 812 1842 se
832 1781 924 1841 multu
939 1785 1181 1840 cmummuicareat
1199 1797 1228 1840 et
1248 1781 1285 1842 cle

243 1880 305 1924 tota
326 1865 380 1922 illa
400 1859 513 1924 ratione
534 1881 562 1924 et
582 1887 614 1924 re
636 1866 817 1936 Gallicana:-
832 1889 923 1945 neque
942 1870 1052 1930 interea
1064 1864 1178 1924 verbum
1190 1866 1284 1924 ullum

242 1953 414 2026 iraerposuit
440 1950 567 2008 Naeuius
594 1964 647 2008 aut
671 1955 832 2012 ornament
852 1949 915 2008 'sibi
941 1949 1090 2028 quidpiam
1111 1947 1211 2008 debere
1231 1965 1284 2011 aut

158 2077 161 2084 ·
238 2038 378 2110 privatim
403 2034 555 2117 Quintium
581 2032 735 2109 delaissa,
763 2037 811 2094 nbi
832 2046 948 2109 apparet
969 2033 1119 2112 quidpiam
1139 2053 1283 2096 nonense

243 2141 378 2196 persone
405 2141 469 2178 enm
497 2121 557 2193 ipsa
586 2121 737 2196 negatione
759 2120 1000 2194 coniungendam.
1019 2119 1123 2181 ¹endem
1144 2121 1216 2178 ratio
1237 2131 1284 2180 est

244 2207 306 2263 eins
326 2205 396 2275 loci,
427 2206 477 2278 qui
499 2204 604 2280 legitur
624 2205 657 2264 in
675 2218 732 2264 aot.
754 2202 795 2262 ll.
817 2207 849 2264 in
875 2203 1009 2276 Verrem,
1029 2204 1079 2264 lib.
1102 2201 1159 2261 111.
1181 2223 1205 2264 c.
1229 2211 1281 2266 31.

245 2290 276 2363 ᾗ.
305 2295 357 2348 74.
390 2285 648 2363 (inimicitiarium,
679 2286 802 2358 iudices,
834 2285 1054 2362 Apollodorum
1085 2287 1284 2348 lacrimantem

242 2376 343 2435 testari
369 2392 404 2432 aa
430 2369 539 2445 dicere,
565 2393 722 2450 numquam
744 2387 811 2446 post
833 2372 940 2446 papuli
965 2371 1096 2432 Romani
1121 2393 1225 2432 nomeu
1244 2371 1282 2432 ab

244 2455 352 2520 Siculis
377 2453 510 2514 auditum
535 2469 563 2513 et
587 2460 733 2530 cognitum
759 2455 956 2533 Agyrinensis
981 2469 1084 2516 contra
1113 2477 1283 2534 quemqtauu

205 2555 211 2561 ‘
241 2542 391 2626 infimnum
410 2535 684 2602 'ctumsltouunum
704 2539 815 2599 dixisse
835 2555 887 2606 aiut
899 2543 1009 2621 fhoisse
1035 2537 1200 2617 quidpiam,
1231 2546 1283 2618 qui

241 2647 319 2692 nuno
348 2639 451 2684 contra
472 2639 638 2699 praetorem
663 2639 734 2700 eto,
761 2627 810 2684 nbi
836 2626 901 2684 libri
930 2632 986 2684 nno
1014 2645 1152 2692 cortsensn
1180 2645 1281 2684 ornnes

242 2707 392 2794 quidpiam
403 2721 519 2769 tuentur
530 2721 558 2768 et
574 2731 727 2782 pronomen
740 2709 890 2788 quidpiam
901 2721 1008 2771 turtulas
1025 2711 1111 2769 etism
1125 2707 1282 2782 Zttrnptios

242 2805 285 2857 ssi
306 2795 341 2852 od
364 2807 419 2852 act.
441 2793 487 2852 II.
509 2798 542 2851 in
567 2793 603 2850 V
599 2809 657 2853 err.
680 2795 730 2852 lib.
746 2796 769 2852 1.
793 2814 818 2853 c.
838 2802 887 2854 10.
911 2797 943 2868 ᾖ.
957 2801 1007 2856 29.
1026 2815 1099 2868 nego
1119 2815 1176 2852 esse
1197 2792 1282 2873 quid·

241 2901 328 2957 quam
349 2899 369 2935 a
388 2877 506 2936 testibus
527 2875 650 2954 dictum,
681 2877 760 2956 quod
778 2893 830 2938 aut
850 2893 973 2938 oestrum
993 2882 1119 2952 euntium
1140 2893 1209 2936 esset
1230 2876 1281 2938 ol-

240 2985 355 3040 sourum
367 2976 418 3026 aut
429 2966 597 3042 minanam
608 2966 733 3024 oratoris
745 2963 934 3040 eloquentiam
943 2963 1101 3041 quaereret.
1116 2964 1153 3022 cf.
1161 2961 1280 3040 Zumpt.

240 3048 299 3106 vol.
323 3045 347 3106 Ι.
375 3069 404 3122 p.
430 3055 500 3107 112.
523 3069 583 3122 pro
605 3047 643 3108 P.
667 3047 755 3120 Sulla
781 3067 805 3106 c.
834 3053 881 3126 14.
909 3051 941 3123 ξ.
964 3055 1015 3107 tt.
1051 3047 1194 3122 otdrego
1225 3047 1281 3126 lroo

239 3129 356 3206 iudices,
377 3135 436 3191 nisi
455 3137 561 3192 maenti
580 3137 718 3192 memoria
730 3146 853 3190 senatus
874 3136 1073 3194 auctoritatem
1093 3129 1282 3206 iuiusindioi

239 3221 427 3282 monumentis
447 3215 575 3292 publicis
604 3231 723 3294 testatus
743 3237 844 3287 essem,
863 3218 957 3297 fore,
979 3231 1012 3274 ut
1038 3217 1200 3300 aliquando
1220 3247 1283 3286 mm

243 3304 413 3380 Torquatus
439 3323 530 3378 neque
560 3301 706 3378 Torquati
731 3304 874 3379 quispiam
903 3301 1006 3366 similis
1025 3341 1067 3352 --
1088 3329 1158 3379 notra
1185 3307 1219 3368 id
1236 3331 1283 3370 ms

238 3375 360 3447 nuntium
372 3385 495 3466 fefellit
515 3419 574 3460 -,
601 3384 653 3444 sed
672 3399 705 3443 ut
726 3384 832 3462 aliquis
847 3396 1027 3464 patrimonio
1048 3378 1217 3474 papfflgm
1238 3425 1281 3440 ....

238 3471 324 3530 aliter
350 3469 480 3530 iudicata
510 3467 581 3530 unc
607 3469 711 3532 diceret
736 3479 806 3549 etc„
839 3477 888 3538 nbi
910 3475 948 3537 G.
969 3477 1090 3538 Bsierns
1111 3477 1147 3538 de
1168 3480 1282 3559 officiis

237 3558 298 3616 rol.
321 3555 346 3614 1.
376 3577 404 3630 p.
429 3563 501 3616 237.
536 3557 716 3620 scribendtun
744 3565 890 3624 existimat
923 3568 1104 3642 quisquam·
1123 3583 1280 3638 pronomen

238 3644 381 3718 wiffam
401 3661 459 3720 loqu
481 3641 575 3708 solun.
597 3645 662 3708 iibri
684 3669 784 3708 ornnes
806 3659 936 3718 iurentur,
963 3669 1066 3708 vortunt
1094 3651 1188 3712 etiarn·
1201 3649 1280 3706 locus

238 3727 402 3809 simillimus
424 3727 543 3810 Pompei
565 3735 656 3810 Trogi
682 3733 758 3808 opud
786 3731 889 3792 lustin.
911 3733 962 3790 lib.
984 3731 1177 3792 XXXVIII.
1199 3751 1224 3790 c.
1247 3737 1279 3792 7.

239 3842 362 3900 quarum
380 3823 511 3894 gentium
530 3819 643 3878 nullam
663 3839 754 3897 aeque
775 3815 954 3880 Aleoenuder
974 3817 1033 3889 ille,
1055 3820 1106 3895 qui
1120 3829 1279 3888 totampa·

238 3908 312 3963 cavit
342 3903 450 3980 Asiam
475 3925 527 3964 neo
552 3906 695 3984 quaepiam
720 3923 911 3966 successorum
936 3905 998 3960 eiras
1024 3915 1077 3959 aut
1096 3915 1280 3974 posterorum

238 3991 377 4062 attigisset
397 4001 449 4046 etc.
492 3989 555 4048 Pro
576 3989 613 4046 P.
637 3987 725 4068 Sulla
747 4007 770 4044 c.
788 3995 839 4045 30.
862 3989 895 4060 ᾧ.
914 3993 965 4046 84.
990 4005 1043 4058 ego
1062 4006 1139 4058 vero,
1160 3983 1278 4055 iudices,

170 4095 185 4128 κ
237 4069 403 4137 anamodo
424 4069 501 4131 nihil
519 4070 592 4132 milei
613 4093 742 4157 asspmo,
763 4074 796 4128 iu
816 4091 872 4149 qao
894 4073 1036 4147 quispiam
1055 4082 1206 4142 repugnet,
1228 4067 1280 4125 sat

236 4161 322 4221 etiam
347 4158 375 4216 si
400 4155 474 4236 quid
498 4155 536 4217 ab
567 4153 697 4221 manibus
717 4154 896 4230 conceditur,
914 4152 957 4214 nt
976 4151 1066 4213 utta
1087 4174 1123 4213 aa
1142 4155 1278 4222 remitto„
