2864 4942
246 369 817 442 ιιιιιιιοιιιιοιιιι
863 347 1223 462 capreus-ee..
1326 355 1328 359 ‘

244 574 357 640 praeter
378 563 450 624 alios
469 563 559 624 libros
584 563 669 623 etiarn
690 561 820 624 Vindob.
841 559 882 624 ll.
905 573 980 623 recte
1006 583 1072 624 cum
1097 563 1226 646 difficile
1245 581 1293 624 ese

244 658 356 716 tuetur.
391 649 476 706 etiam
496 649 564 706 libri
591 645 627 706 de
644 661 783 708 serectute
809 667 834 708 c.
859 653 910 710 15.
937 651 969 723 ᾗ.
992 653 1043 710 53.
1066 658 1141 708 nunc
1162 653 1294 710 scriben-

244 731 314 794 dum
342 733 479 792 existimo
505 751 546 791 ex
573 731 654 791 libris
685 730 848 790 Eriurteusi
877 743 906 791 et
933 731 1113 792 Trevireusi:
1135 756 1194 812 que
1215 733 1294 812 quid

238 829 335 890 potest
361 837 418 876 esse
443 837 509 876 cum
521 816 636 905 fructu
661 815 763 874 ieetius
783 829 845 874 tum
865 807 981 891 repectu
996 815 1154 891 pulcrius?
1177 829 1208 876 ut
1228 820 1292 877 iarn

245 897 489 977 Stuerenburgius
510 897 692 976 significbrit.
1366 907 1369 914 '

329 982 451 1044 Ibidem.
494 984 667 1058 Semissime
696 986 788 1058 igitur
816 979 890 1042 aridi
915 981 951 1042 de
982 987 1112 1043 amicitie
1147 989 1292 1059 cogitanti

244 1072 373 1128 meeiere
393 1064 470 1127 ιἰιιιιι
487 1064 727 1126 corrsideremlem
747 1066 839 1126 uideri
858 1067 945 1144 solet,
972 1083 1072 1128 utrum
1086 1084 1209 1143 propter·
1230 1073 1288 1127 im·

244 1149 425 1212 bacillitetem
441 1146 538 1230 'utque
557 1155 687 1226 inopium
707 1149 872 1210 desiderate
891 1156 929 1210 sit
950 1156 1079 1211 eusicii-ie
1088 1195 1097 1224 ,
1125 1151 1290 1212 uidendis

243 1232 466 1314 recipiendisque
484 1239 604 1308 meritis,
625 1234 705 1315 quod
724 1239 841 1315 pirisque
861 1241 956 1296 miuus
970 1258 1027 1310 per
1053 1258 1082 1294 se
1102 1240 1163 1310 ipse
1177 1251 1292 1312 posset,

244 1317 279 1378 id
296 1323 436 1394 occiperet
462 1318 500 1378 eb
529 1320 589 1378 elio
615 1324 790 1398 vicissimque
815 1318 956 1380 redderet.
999 1319 1053 1379 bec
1079 1321 1141 1378 loco
1161 1341 1291 1380 comme·

242 1404 414 1466 morandum
445 1407 569 1480 primum
595 1415 638 1464 est
662 1405 759 1479 illud,
790 1405 868 1478 quod
893 1415 937 1464 est
963 1406 993 1461 in
1015 1404 1089 1464 libro
1111 1403 1289 1480 Basileeusi‚

244 1500 379 1564 qurettuor
400 1486 616 1548 Oxouieusibus
636 1489 757 1564 aliisque
778 1491 914 1564 scriptum
934 1486 1125 1546 desiderande
1145 1493 1183 1548 sit
1213 1493 1291 1548 cerui-

244 1574 326 1645 citie,
348 1573 428 1631 nullo
449 1566 535 1634 medo
556 1593 639 1648 posse
656 1574 779 1648 probari,
801 1573 880 1647 ‹prrod
895 1583 1006 1648 praeter
1027 1577 1166 1632 rationem
1191 1595 1290 1649 grmn-

244 1658 393 1732 maticarn,
421 1679 478 1732 qua
504 1656 575 1717 haec
601 1659 688 1717 verba
716 1659 863 1731 excipiunt
884 1658 1055 1736 coniunctivi
1076 1660 1212 1732 temporis
1233 1661 1291 1716 iur-

236 1742 378 1816 ,perfectu
409 1744 495 1800 etiam
524 1753 582 1800 tota
607 1743 748 1801 sententia
780 1762 838 1800 uon
864 1742 1001 1800 concedit.
1049 1761 1137 1816 saepe
1164 1763 1290 1801 urunero

218 1871 231 1895 ,
245 1835 340 1884 autem
362 1826 439 1900 quod
460 1826 614 1900 aliquando
635 1827 827 1885 desideratruu
849 1837 910 1900 est,
932 1845 1046 1901 semper
1066 1824 1289 1886 desiderandum

244 1909 375 1982 videtur,
397 1909 474 1967 unde
495 1909 601 1968 facturn
623 1921 683 1985 est,
711 1920 743 1968 ιιι
764 1931 815 1985 pro
836 1911 979 1985 perfecto,
1001 1931 1059 1984 qrro
1080 1909 1291 1985 significaretur

244 1992 355 2067 aliquid
375 2005 405 2052 et
427 1993 494 2052 olim
516 1994 709 2054 desideratum
726 2014 789 2054 esse
804 2006 833 2053 et
854 1997 939 2054 etiam
957 2015 1035 2052 ιιιιιιι
1049 1994 1214 2067 desiderari,
1235 2017 1290 2070 po-

243 2088 393 2138 ueretura
413 2078 536 2137 librariis
554 2079 757 2154 gerundivum.
800 2079 875 2138 corsi.
894 2080 1014 2137 iussae.
1039 2085 1088 2138 21.
1111 2079 1144 2153 ὕ.
1168 2087 1218 2139 80.
1242 2082 1288 2137 ite

240 2159 438 2238 pulclrmoime
463 2162 518 2222 ille
543 2177 570 2222 et
596 2166 724 2230 maxime
744 2163 877 2222 uetureli
906 2175 1005 2222 carent
1030 2165 1159 2221 amicitie
1178 2183 1237 2236 per
1257 2183 1289 2222 se

242 2261 271 2306 et
286 2261 410 2330 propter
429 2267 459 2304 se
478 2251 624 2324 expetite,
651 2267 703 2305 uec
728 2250 786 2322 ipsi
809 2243 864 2306 sibi
889 2245 1022 2320 exeruplo
1042 2260 1124 2320 suut,
1154 2242 1225 2306 doec
1245 2251 1288 2306 uis

241 2334 387 2390 amicitiae
407 2329 502 2410 quelis
522 2345 549 2388 et
570 2344 681 2409 querite
699 2335 748 2404 sit,
771 2331 820 2389 ubi
841 2352 906 2390 curn
926 2333 1041 2406 vulgate
1059 2341 1134 2390 esset
1146 2333 1287 2418 scriptrrra

242 2417 373 2474 amicitie
392 2437 450 2488 per
475 2435 504 2472 se
524 2428 551 2472 et
571 2429 695 2488 propter
724 2437 753 2473 se
773 2413 953 2492 cepeteude,
986 2435 1026 2474 ex
1050 2414 1131 2474 libris
1152 2435 1207 2491 ego
1228 2415 1286 2476 Er·

241 2499 378 2600 ιιιιιειιιί,
394 2497 615 2558 vindobonensi
636 2498 689 2573 ll.,
713 2498 868 2558 l‘itlroeuuu
889 2500 1011 2580 aliisque
1032 2500 1214 2559 scribendum
1230 2521 1286 2574 pu

241 2580 317 2643 tevi.
339 2586 469 2642 amicitie
489 2604 595 2658 perse
615 2597 830 2658 etpropterse
856 2587 996 2658 expetite.
1040 2584 1143 2644 deiude
1165 2604 1200 2642 eo
1221 2584 1285 2644 loeo

242 2669 279 2728 de
301 2689 358 2744 qrro
380 2667 501 2744 digressi
515 2689 616 2728 sumus
636 2669 701 2726 libri
723 2667 827 2742 optimi
844 2689 877 2726 ec
896 2668 1023 2743 plurimi,
1046 2679 1077 2726 ut
1094 2666 1183 2727 Erine
1170 2672 1284 2746 tensis,

240 2749 438 2828 Besileensis,
467 2747 642 2827 Beruensis,
672 2750 802 2814 Vindob.
828 2751 888 2828 ll.‚
924 2751 1068 2825 Haemi,
1098 2750 1286 2814 Oxouienset

132 2891 139 2904 ,
240 2848 354 2912 praeter
376 2857 466 2895 ιιιιιιιιι
484 2857 586 2896 omnes
600 2836 708 2910 aliique
727 2838 861 2910 permulti
883 2839 915 2894 ie
931 2847 997 2896 aute
1019 2833 1112 2894 detrudi
1139 2839 1284 2912 omittunt,

241 2920 436 2980 llaeneliauus
451 2939 521 2979 vero
539 2940 555 2979 a
574 2921 696 2980 secunda
718 2942 805 2980 rnauu
823 2923 840 2978 i
860 2917 892 3000 (i.
907 2941 933 2980 e
946 2919 992 3001 iu)
1010 2922 1162 2995 ascriptum
1187 2920 1284 2981 babet.

240 3015 301 3068 erut
312 3006 400 3080 igitur
410 3005 468 3063 iarn
481 3015 595 3080 propter
612 3026 753 3064 summam
766 3005 903 3066 librorum
921 3008 1115 3064 auctoritatem
1131 3006 1182 3064 illa
1202 3027 1286 3080 pr-ae

239 3090 342 3164 positio
359 3087 531 3162 damuanda,
553 3110 628 3165 quae
645 3092 757 3165 qrreties
774 3091 836 3148 siue
849 3090 908 3148 ulla
926 3109 1024 3148 caussa
1037 3091 1142 3148 idonea
1153 3103 1220 3148 aute
1234 3091 1285 3148 ab·

239 3173 362 3232 lativurn
378 3173 459 3232 illata
474 3175 558 3232 sitin
574 3173 662 3232 libros
678 3174 843 3248 deteriores,
865 3175 920 3231 dici
939 3175 992 3232 viel
1007 3185 1130 3252 potest.
1141 3158 1285 3236 ablativus

240 3268 336 3318 erstem
363 3256 414 3316 ille
440 3258 503 3316 eine
528 3259 737 3332 praepositione
762 3257 817 3317 boc
843 3257 906 3316 loco
928 3269 971 3316 est
997 3260 1160 3333 aptissimus.
1147 3295 1176 3330 ..,
1204 3261 1284 3332 quod

240 3345 278 3399 ne
299 3339 389 3399 multa
411 3339 531 3398 afferam
553 3344 621 3400 satis
642 3343 763 3422 intelligi
785 3353 877 3416 potest
902 3363 942 3400 ex
963 3343 1023 3400 loco
1044 3343 1168 3415 quodam
1190 3345 1283 3402 simil·

240 3423 328 3499 limo,
360 3424 411 3497 qui
438 3435 480 3482 est
508 3423 559 3482 lib.
588 3421 624 3482 de
650 3425 762 3506 officiis
792 3426 832 3485 ll.
861 3447 885 3484 c.
909 3431 938 3484 4.
967 3429 999 3502 ᾗ.
1023 3431 1073 3486 15.
1095 3448 1234 3504 puesres
1255 3442 1286 3487 et

72 3555 77 3562 .
138 3565 140 3570 ,
239 3504 427 3568 rueesuetudo
448 3511 611 3567 euimorum
638 3524 786 3569 consecute
811 3523 838 3568 et
858 3509 1027 3569 verecundie
1046 3524 1104 3587 ιιι,
1131 3509 1283 3593 effectum·

237 3615 306 3672 pue,
326 3607 360 3652 ιιι
380 3606 449 3651 essct
470 3597 530 3652 vite
551 3596 690 3652 munitior
710 3609 795 3672 etque
816 3591 958 3652 ιιιιιιιιιιιο
978 3609 1005 3652 et
1026 3553 1193 3668 ecepieedo
1212 3619 1282 3655 mu·
1360 3605 1364 3614 “

239 3675 412 3758 tuendisque
430 3676 631 3758 simultatibus
656 3691 683 3735 et
708 3675 923 3736 coremodeudis
949 3677 1033 3736 uelle
1057 3701 1090 3736 re
1122 3701 1277 3755 egeremus,

226 3750 328 3838 'quem
358 3760 395 3820 ad
426 3761 544 3821 modum
568 3763 653 3821 illum
674 3762 768 3821 lecum
797 3774 871 3836 recte
892 3765 1027 3837 scripturn
1053 3761 1139 3822 babet
1165 3763 1280 3824 Nonius

241 3866 265 3906 a.
293 3867 322 3906 v.
356 3843 536 3904 commedere
567 3868 597 3921 p.
635 3851 707 3908 276.
740 3867 770 3918 ‚v-
799 3851 849 3906 14.
883 3847 929 3906 ed.
956 3845 1048 3916 Mero.
1082 3869 1156 3921 quae
1182 3859 1281 3908 erstem

241 3929 377 4004 exempla
408 3931 502 3989 attulit
530 3927 733 4005 (isembardus,
764 3951 799 3990 ea
827 3928 900 3988 nihil
927 3930 1006 3989 aliud
1032 3933 1152 4006 probant
1177 3935 1281 3992 nisisi

241 4033 287 4092 ree
314 4013 428 4072 diverso
454 4014 539 4073 modo
564 4017 703 4090 cogitetur
727 4016 825 4090 itaque
851 4017 1050 4092 exprimatur,
1079 4037 1165 4090 posse
1192 4019 1280 4076 etiam

241 4098 478 4174 praepositionem
498 4102 531 4156 iu
552 4101 651 4174 adiici,
673 4100 709 4158 de
730 4120 787 4174 quo
808 4119 893 4158 uerno
914 4119 1041 4173 unquam
1061 4100 1211 4160 dubitavit.
1233 4101 1280 4160 bis

242 4193 337 4252 autern
366 4181 437 4244 locis
464 4182 607 4246 ablativus
639 4185 702 4243 siue
729 4184 788 4244 nlla
814 4185 1023 4262 praepositione
1041 4186 1159 4260 positus
1184 4186 1278 4244 locum
