2850 4940
210 249 273 330 tro
307 208 796 330 au'uorartoues
840 257 1177 350 capxruaao.
1218 345 1222 354 Ι

211 471 266 509 usu
292 450 345 508 illa
373 451 509 522 scriptura
539 450 696 523 exsistere,
726 447 802 506 coni.
824 449 856 524 ἦ.
879 451 931 507 ts.
952 443 1030 504 ntttt
1048 461 1089 506 ert
1110 451 1186 506 eninr
1206 469 1259 505 ne·

212 535 409 592 rrrnrrorotione
430 530 653 602 beneuolentiae,
679 525 756 588 nilril
780 527 970 589 vicissitudine
993 529 1155 590 studiorum
1178 532 1259 611 offi-

213 621 377 692 ciornmqne
397 613 561 674 iucundius.
605 636 690 689 quam
714 615 749 671 ob
772 635 831 672 rem
852 615 917 671 salsi
939 616 959 671 ii
981 627 1058 685 sum,
1081 617 1129 689 qui
1152 617 1191 672 ita
1208 635 1260 672 ra-

217 703 398 771 tiocinantur,
420 711 450 756 ut
463 699 556 780 dicant
569 698 679 756 facilius
701 699 828 772 potuisse
847 693 925 754 nillil
943 701 1095 770 repetitum
1116 701 1146 754 in
1167 717 1260 771 copu-

177 823 180 830 ·
212 782 334 842 latinam
352 783 518 856 particulam
540 802 557 839 a
580 782 692 839 librario
715 783 829 854 minari,
851 801 937 854 ortam
955 781 1028 837 illud
1043 793 1151 838 contra.
1178 778 1261 838 nihil

217 869 294 925 euim
316 866 389 923 illud
411 868 560 937 repetitum
584 877 640 920 tam
662 865 830 936 frequentur
852 865 955 938 legitur
972 864 1046 937 apud
1059 863 1201 935 Tullium,
1223 874 1261 922 ut

216 950 330 1008 facilius
358 947 413 1004 hoo
439 949 523 1006 scribi
550 967 636 1020 quam
663 948 807 1004 immutari
834 949 966 1020 potuerit.
1009 945 1132 1005 Beierus
1163 948 1262 1006 attttlit

217 1033 269 1091 lib.
292 1029 327 1089 cle
349 1033 433 1111 offic.
455 1051 480 1088 c.
503 1037 553 1090 17.
576 1033 608 1104 ᾗ.
631 1035 683 1090 56.
704 1027 781 1088 nihil
800 1044 894 1088 nutem
916 1043 956 1088 ost
974 1028 1128 1088 rnnmbilins
1143 1051 1195 1088 nec
1208 1051 1260 1088 co-

215 1115 348 1189 pulatius
368 1134 454 1191 qaum
473 1134 585 1172 morrena
605 1111 763 1172 similitudo
779 1110 927 1173 honorum.
949 1109 1024 1172 coni.
1037 1133 1111 1188 quae
1124 1113 1159 1170 de
1171 1113 1260 1171 Laeli

220 1200 282 1256 loco
308 1198 450 1269 explicavi
478 1193 644 1256 Ernendntt.
676 1197 709 1256 Τ
706 1196 830 1255 ultione.
853 1219 881 1270 p.
904 1203 924 1255 7
947 1216 1009 1269 sq„
1040 1198 1089 1254 ubi
1117 1197 1199 1254 doctri
1225 1204 1260 1254 in

222 1294 293 1338 orat.
310 1301 369 1353 pro
390 1279 428 1336 P.
446 1278 547 1361 (taint.
564 1299 589 1336 c.
603 1287 632 1338 1.
655 1282 686 1355 §.
703 1285 732 1338 5.
755 1279 874 1338 carralem
897 1280 1061 1351 particulam
1084 1279 1261 1338 sineidouea

222 1383 322 1422 caussa
345 1364 519 1438 repudiatam
540 1382 604 1421 esse
625 1365 654 1419 iu
676 1365 772 1422 verbis
792 1361 853 1421 hts=
877 1360 1121 1442 projectosnilril
1139 1377 1178 1420 est
1198 1367 1262 1420 iona

223 1460 353 1506 annmnm
379 1467 469 1522 neque
494 1447 635 1504 sincerans
660 1449 693 1504 in
718 1449 857 1515 civitate,
886 1447 933 1503 ubi
961 1446 1048 1520 volgo
1069 1447 1177 1504 editum
1198 1457 1260 1504 est:

223 1544 309 1607 utores
327 1531 476 1589 sincerum.
519 1530 593 1587 cous.
615 1529 739 1602 denique
761 1527 794 1587 0.
808 1527 865 1586 Th.
879 1526 997 1602 Zumpt.
1011 1530 1047 1590 ad
1058 1527 1116 1587 Cic.
1137 1528 1173 1585 V
1169 1533 1259 1588 errin.

101 1688 112 1700 .
223 1613 275 1672 lib.
297 1611 349 1673 111.
371 1631 396 1672 c.
418 1618 470 1672 94.
494 1613 527 1686 ὕ.
550 1619 622 1676 220.
645 1633 674 1685 p.
697 1618 768 1672 640.
799 1633 859 1670 non
884 1626 925 1670 est
950 1615 1010 1670 inm
1037 1615 1070 1669 in
1091 1611 1151 1686 logo
1170 1633 1263 1690 neque

224 1699 257 1754 in
278 1695 399 1775 officio,
416 1693 477 1754 'sed
500 1699 533 1752 in
557 1695 702 1754 votauota
728 1692 874 1753 hominnm
900 1709 985 1772 otque
1006 1699 1131 1752 oonntrto
1146 1699 1262 1768 positus

224 1782 327 1850 arodus
352 1776 540 1851 aestimandi,
567 1781 616 1850 qui
644 1778 730 1838 affert
755 1798 779 1836 c.
809 1785 857 1836 02.
888 1789 963 1837 extr.
991 1799 1050 1838 non
1077 1799 1118 1836 ox
1143 1799 1264 1836 numero

225 1883 315 1940 neque
335 1881 375 1918 oca
394 1881 505 1920 wauton
525 1859 744 1922 oorrsidernndn.
767 1873 793 1918 et
816 1861 866 1918 lib.
879 1859 935 1918 Vt.
957 1881 981 1918 o.
994 1867 1044 1920 55.
1069 1869 1101 1938 ᾖ.
1121 1869 1190 1922 123.
1213 1864 1265 1939 qni

225 1964 285 2001 non
305 1941 424 2006 Honori
443 1963 533 2019 noque
558 1941 689 2013 Virtuti,
714 1941 766 2000 sed
788 1942 899 2002 Venari
919 1957 946 2002 et
970 1942 1113 2016 Cupidini,
1127 1959 1193 2004 voto
1214 1943 1264 2002 de·—

226 2024 312 2088 teret.
355 2041 384 2084 et
405 2027 529 2084 eurrdem
550 2027 586 2088 ad
610 2024 648 2084 V
643 2029 732 2090 entim
754 2027 803 2089 lib.
827 2025 883 2084 lV.
906 2047 930 2085 c.
952 2035 1002 2086 20.
1027 2031 1058 2101 θ’.
1072 2033 1122 2090 to.
1145 2049 1173 2101 p.
1188 2035 1261 2086 693.

227 2110 307 2182 drrpl.
351 2109 498 2168 Postremo
520 2110 620 2170 eadem
641 2129 739 2168 carrera
761 2119 804 2168 est
817 2110 880 2167 libri
893 2108 1037 2170 dasenect.
1059 2130 1083 2170 c.
1100 2119 1147 2172 18.
1161 2113 1193 2185 ἦ.
1210 2118 1263 2170 62.

227 2196 276 2252 ubi
299 2214 338 2252 ox
351 2196 463 2268 optimis
475 2193 556 2252 libris
570 2194 748 2253 scribendum
762 2195 940 2266 putavimusz
962 2215 1021 2251 non
1031 2198 1099 2257 cuni
1110 2215 1161 2254 noc
1171 2215 1264 2268 rugae

228 2291 342 2349 reponte
362 2279 562 2338 anctoritatem
582 2280 713 2350 arripere
728 2290 851 2350 possam
871 2297 922 2352 pro
943 2277 1074 2352 ‘volgatot
1101 2299 1160 2338 non
1185 2280 1263 2348 coni,

229 2381 289 2420 non
309 2379 400 2431 angue
419 2373 471 2419 eto.

314 2440 434 2500 lbidern.
477 2461 536 2498 non
561 2445 636 2498 enirn
662 2455 702 2502 ost
730 2438 892 2501 inhumano
911 2445 1003 2500 vinnm
1021 2465 1112 2520 nequa
1132 2446 1266 2504 tmrnmm

117 2531 120 2538 ’
229 2546 319 2601 noque
338 2523 478 2598 rapodo,
493 2546 566 2602 quoe
581 2528 666 2585 otum
674 2524 800 2598 populos
812 2529 956 2584 uniuersos
966 2530 1042 2584 tueri
1056 2531 1150 2606 eisque
1161 2531 1265 2599 optime

232 2607 377 2667 consulare
397 2607 497 2666 solent.
524 2605 593 2666 *hoo
615 2608 675 2666 looo
697 2611 778 2668 facite
800 2621 916 2682 apparet
937 2630 1023 2684 quam
1037 2611 1074 2667 ot
1083 2629 1211 2668 cerussam
1225 2627 1266 2666 ex

230 2693 311 2750 libris
331 2693 578 2764 praestantissimis
599 2695 767 2766 receperimr
799 2713 858 2752 non
879 2696 953 2750 enirn
974 2707 1014 2754 est
1034 2689 1265 2752 inhumanitate.

231 2796 283 2848 pro
304 2776 435 2849 volgato:
465 2795 525 2832 raon
549 2787 590 2832 est
615 2779 690 2832 eninr
715 2773 881 2834 inhumano.
925 2777 975 2835 illa
1008 2779 1085 2834 euim
1112 2777 1265 2834 verborum

232 2858 377 2914 collocatio
398 2855 451 2915 lroc
471 2857 533 2916 loco
554 2859 696 2929 aptissima
719 2869 773 2930 est,
795 2880 852 2932 quo
870 2857 986 2933 Tullius
1004 2859 1074 2916 illud
1086 2862 1179 2932 potius
1194 2859 1267 2915 dicat

172 2966 178 2979 ·
232 2943 261 2996 iu
284 2944 418 2998 virtutem
440 2961 497 2997 uou
519 2941 619 3002 cadere
640 2941 894 3015 iuluuuaoitatem,
925 2963 1013 3020 qrram
1044 2941 1097 3000 hoc
1124 2963 1183 3000 nou
1205 2957 1283 3000 esse*

232 3026 367 3082 virtutem
389 3028 462 3096 qu'ae
484 3026 520 3081 sit
540 3021 705 3086 inhumana.
749 3046 805 3098 utra
827 3025 862 3083 de
884 3046 914 3082 re
936 3028 992 3084 iam
1008 3027 1063 3082 alio
1081 3026 1141 3082 loco
1155 3047 1171 3082 a
1186 3026 1269 3082 nobis

234 3107 337 3168 dictum
362 3119 414 3164 est.
457 3106 521 3164 libri
544 3119 639 3170 utitem
655 3106 778 3182 Erunt,
800 3105 961 3180 Gudianus,
983 3107 1109 3168 Vindob.
1126 3107 1179 3178 ll.,
1202 3107 1269 3164 Au·

144 3265 148 3270 ᾖ
234 3202 310 3264 gost.
333 3191 372 3261 1.,
400 3189 529 3264 August.
551 3189 607 3262 ll„
630 3189 779 3264 Gottiog„
807 3189 931 3250 Haeuel.
954 3192 1002 3250 olii
1029 3192 1105 3264 aprrd
1131 3190 1269 3248 Baiarum

235 3272 363 3329 ordinem
389 3273 541 3330 verborum
571 3273 653 3330 uobis
677 3276 826 3346 probatum
854 3285 977 3334 truantur.
1021 3295 1073 3348 pro
1101 3295 1135 3332 eo
1163 3286 1269 3342 autem,

236 3353 313 3424 «priori
333 3356 362 3412 iu
381 3355 515 3412 ,omuibus
535 3355 631 3428 libris,
653 3357 737 3414 etiam
760 3359 880 3430 nostris,
906 3357 1010 3432 legitur
1030 3379 1119 3436 noque
1138 3359 1272 3414 immunis

236 3448 316 3494 eraut
337 3440 385 3510 qui
396 3458 435 3494 ex
456 3449 553 3511 aperto
573 3439 671 3496 librari
690 3461 797 3511 errore,
813 3443 862 3514 qrri
875 3443 903 3499 iu
917 3442 1019 3498 librum
1034 3439 1232 3499 Oxouieusem
1247 3441 1270 3499 1.

236 3523 359 3592 irrepsit,
380 3521 560 3584 scribendum
582 3526 774 3596 praeciperent
789 3545 879 3600 raeque
892 3527 1026 3586 immunis
1037 3527 1180 3598 mirorque
1197 3522 1271 3579 hatto

237 3609 402 3677 scripturam
429 3607 464 3661 ab
491 3607 602 3680 integro
629 3605 722 3666 Orelli
749 3608 852 3663 iudicio
882 3627 938 3664 nou
960 3628 1075 3678 prorsus
1097 3608 1272 3680 repudiatam

238 3707 310 3746 esse.
354 3689 424 3745 illud
454 3691 532 3748 euius
557 3710 660 3746 uomeu
689 3693 822 3751 irnrnnnis
848 3708 905 3748 nou
932 3691 1046 3750 videtur
1075 3693 1142 3749 satis
1174 3702 1274 3746 uotum

238 3773 327 3828 fuisse
349 3773 481 3844 librariis,
503 3793 590 3846 quiam
612 3773 646 3828 ob
669 3793 796 3830 caruissem
818 3775 902 3830 etiam
925 3773 995 3830 alias
1011 3773 1197 3846 depravatum
1219 3781 1273 3844 est,

238 3853 322 3910 velut
348 3857 377 3913 io
405 3865 476 3912 orat.
505 3875 579 3926 ortae
606 3868 649 3912 est
671 3877 729 3928 pro
751 3856 788 3913 P.
813 3855 907 3915 Sestio
928 3876 952 3912 c.
976 3864 1026 3916 57.
1051 3858 1081 3932 §-
1107 3863 1197 3928 122,
1225 3856 1275 3911 ubi

240 3934 408 3996 Ernemlott.
436 3937 590 3998 Tulliano.
613 3948 708 4022 ⁹2³3
732 3959 776 4012 sq.
819 3940 967 3996 docuimus
1002 3959 1042 3996 ex
1071 3941 1143 3996 libro
1170 3939 1274 4012 palim-

241 4031 335 4092 psesto
356 4018 497 4080 Vaticano
520 4019 654 4098 (cturto.
682 4037 792 4086 nrroton.
815 4043 831 4080 o
855 4021 1010 4086 Vaticanis
1040 4020 1190 4084 Godtnbrn
1215 4018 1275 4082 edio
1301 4073 1302 4078 ,
