2868 4958
249 389 293 454 rt
608 385 932 464 LAliblUS

249 578 393 669 diligat,
427 599 536 672 quem
561 586 715 668 metuat,
743 585 806 648 ant
832 599 932 666 eum,
967 599 990 649 a
1015 599 1086 671 quo
1112 599 1153 648 so.
1180 580 1295 648 innotui

248 678 373 769 puteti
425 681 591 751 coluntur
627 688 747 751 tamen
773 679 1003 750 simulatione
1029 681 1218 750 dumtaxat
1245 685 1297 751 ad

248 788 400 872 tempus.
452 781 565 872 (laod
590 782 623 853 si
647 782 762 868 forte,
795 787 836 850 nt
867 781 907 851 lit
931 783 1158 873 plerumque,
1200 783 1296 850 ceci-

250 884 387 974 derint3
419 891 496 954 tum
520 882 732 976 intelligitur
757 904 865 973 quam
890 881 1025 953 fuerint
1051 883 1178 972 inopes
1205 885 1296 951 arni-

250 1006 387 1054 oorum.
454 987 551 1076 quod
584 983 822 1074 Tarquinium
864 983 1001 1053 dixisse
1032 985 1173 1068 ferunt,
1218 993 1296 1052 tum

249 1087 478 1155 exsulantem
504 1109 545 1155 se
571 1086 811 1172 intellexisse,
839 1107 931 1177 quos
956 1084 1048 1155 fidos
1067 1085 1204 1154 etnicos
1230 1086 1295 1154 lm·

248 1187 405 1273 buissel,
446 1208 537 1278 quos
564 1179 712 1272 infidoS,
752 1208 833 1256 cum
866 1187 939 1256 iam
973 1187 1111 1282 neutris
1139 1187 1296 1277 gratiam

248 1289 388 1358 referre
414 1295 548 1379 posset.
586 1295 588 1300 ’
609 1285 668 1358 54.
694 1285 927 1380 'Quamquam
948 1289 1060 1357 miror
1083 1287 1146 1356 illa
1168 1309 1296 1377 snper·

122 1433 127 1438 -
249 1391 311 1458 bia
333 1397 369 1458 et
386 1389 662 1480 »importunitate
689 1389 721 1464 si
735 1401 949 1482 quemquam
977 1389 1131 1458 amicum
1157 1389 1296 1458 imbere

248 1489 375 1580 potuit.
429 1500 537 1583 atque
563 1498 603 1560 ut
628 1489 753 1576 huius,
783 1503 889 1590 quem
916 1491 1011 1576 (lixi,
1039 1489 1295 1560 moresveros
1404 1485 1409 1494 '

249 1590 386 1660 amieos
411 1613 542 1684 parare
567 1598 879 1681 non‘potuerunt,
905 1592 959 1661 sio
984 1592 1179 1661 multorum
1206 1613 1296 1681 opes

248 1694 536 1783 praepoteutlmn
571 1693 768 1763 excludunt
808 1693 986 1763 amicitias
1026 1693 1154 1762 fidelis
1221 1715 1294 1762 noa

250 1797 344 1864 enim
372 1797 490 1866 solum
516 1795 597 1884 ipsa
617 1793 896 1864 fortuna'oaeoa
911 1801 985 1880 est,
1012 1793 1079 1864 sed
1094 1787 1158 1863 eos
1186 1795 1296 1864 etiam

247 1895 459 1986 plerumque
483 1895 596 1964 'eflicit
621 1887 769 1982 oaeco's,
793 1909 889 1988 quos
911 1897 1099 1986 complexa
1120 1900 1186 1965 est.
1227 1897 1295 1964 ita·

248 2007 318 2088 que
351 1992 559 2067 ecferantur
582 1995 662 2066 fere
693 1997 841 2068 fastidio
874 2005 910 2066 et
943 1997 1188 2082 coutumacia,
1225 2019 1297 2066 neo

249 2095 444 2191 quidquam
477 2099 667 2192 insipiente
698 2099 883 2168 fortunato
917 2099 1179 2168 intolerabilius
1214 2097 1295 2168 fieri

230 2193 379 2290 potest.
440 2207 548 2292 atque
588 2198 658 2268 boo
690 2201 835 2290 'quidem
866 2199 993 2269 videte
1026 2190 1110 2268 lieet'
1144 2199 1296 2293 eosqui

228 2296 363 2384 antea
384 2295 582 2369 corumodis
614 2301 749 2371 suerint
773 2302 952 2386 uteribus,
987 2299 1158 2390 imperio,
1192 2310 1297 2390 pote-

251 2409 362 2488 state,
401 2401 586 2492 prosperis
626 2403 735 2471 rebus
770 2403 969 2489 immutari,
1012 2403 1134 2492 sperni
1166 2403 1211 2470 ab
1248 2401 1295 2471 ils

252 2509 394 2572 veteres
409 2503 597 2588 traiicitiaS,
613 2503 790 2594 indulgeri
805 2501 933 2576 novls'
974 2500 1034 2574 55.
1057 2501 1157 2579 tinto
1171 2505 1296 2572 autem

252 2597 396 2680 stultius
422 2613 530 2695 quam
556 2627 638 2684 cuni
664 2605 855 2696 plurimum
882 2603 1013 2694 copiis,
1046 2605 1295 2690 facultatibus

251 2705 380 2795 opibus
406 2707 563 2797 possint,
591 2697 712 2786 cetera
737 2727 886 2798 parare,
914 2699 1007 2798 quae
1033 2714 1206 2796 parantur
1231 2727 1295 2795 pe-

251 2807 376 2892 uunia,
411 2829 542 2901 equoS,
576 2807 753 2895 farmulos,
793 2814 937 2877 restem
959 2808 1162 2897 egregiam,
1205 2828 1297 2875 versa

252 2909 429 2998 pretiosa-3
455 2911 591 2978 amicos
609 2902 680 2977 non
706 2924 856 3000 parare,
881 2909 1054 2998 ‘optbuam
1071 2915 1107 2977 et
1129 2907 1295 3000 pulcher·

251 3009 379 3088 riniam
400 3010 498 3086 ritae
524 3017 564 3078 ut
588 3011 640 3079 ita
664 3011 781 3090 dicam
808 3006 1092 3112 supellectilem?

243 3235 245 3239 ,
267 3230 270 3241 .
308 3177 452 3248 Etenim
466 3185 586 3265 uetera
594 3201 675 3250 oum
683 3185 868 3270 parantur,
877 3178 936 3248 oui
948 3183 1121 3268 parentur
1129 3169 1297 3248 nesciant

251 3303 318 3350 neo
340 3282 443 3348 ouius
468 3303 600 3350 caussa
624 3282 807 3350 laboreutt
836 3280 915 3369 eius
941 3281 1036 3349 enim
1062 3285 1119 3349 est
1143 3279 1295 3348 istorum

246 3382 428 3472 quidque,
455 3383 516 3472 qui
530 3382 616 3452 vicit
630 3382 785 3462 viribust
813 3382 1051 3452 amicitiarum
1071 3402 1139 3450 sua
1162 3381 1295 3471 *cuique

151 3565 154 3576 ,
252 3490 441 3573 permanet
466 3485 604 3555 sttrbilis
631 3492 668 3554 et
693 3493 791 3552 oerta
816 3484 1020 3572 possessio,
1055 3489 1095 3552 ut
1126 3481 1295 3552 etiamsi

252 3585 316 3656 illa
341 3593 527 3673 ruaneaut,
555 3609 649 3689 quae
675 3593 760 3668 sunt
777 3585 883 3684 quasi
906 3585 1000 3663 dona
1025 3584 1213 3670 samanae,
1241 3589 1294 3656 ta·

336 3868 413 3929 XV.
437 3873 469 3952 ᾧ.
484 3876 536 3938 53.
567 3883 628 3932 tam
650 3869 832 3930 exsulantem
855 3867 901 3950 se]
934 3883 996 3929 tunt
1021 3857 1231 3950 [exsulantem]
1254 3889 1294 3934 so.

254 3956 351 4028 §.bb
378 3977 551 4030 quemquam
579 3957 701 4014 arnicam
729 3954 849 4034 babere]
882 3971 1052 4033 quemquam
1079 3951 1193 4015 babere.
1243 3973 1296 4012 ner

243 4039 421 4112 quidquam]
449 4062 538 4118 neque
555 4037 722 4118 quidquam.
772 4038 893 4117 iruerint]
908 4041 1051 4119 suerunt.
1102 4041 1135 4114 ἦ.
1150 4043 1200 4100 55.
1230 4057 1296 4096 cam

253 4141 403 4197 qraramur,
425 4127 471 4182 cui
490 4121 634 4206 parentur}
664 4147 728 4184 carra
743 4137 875 4198 perrorat,
896 4127 946 4182 cui
960 4138 1078 4199 parerat.
1132 4127 1197 4184 sitta
1218 4124 1295 4182 euim

252 4203 306 4289 est]
330 4213 390 4267 eim
411 4222 451 4267 est
472 4212 557 4270 ertias.
601 4211 651 4286 qui
672 4212 750 4281 vicit]
773 4211 824 4288 qni
841 4211 938 4268 vincit.
