<?xml version="1.0" encoding="UTF-8"?>
<!DOCTYPE html PUBLIC "-//W3C//DTD XHTML 1.0 Transitional//EN"
    "http://www.w3.org/TR/xhtml1/DTD/xhtml1-transitional.dtd">
<html xmlns="http://www.w3.org/1999/xhtml" xml:lang="en" lang="en">
 <head>
  <title>
</title>
<meta http-equiv="Content-Type" content="text/html;charset=utf-8" />
  <meta name='ocr-system' content='tesseract 3.04.00' />
  <meta name='ocr-capabilities' content='ocr_page ocr_carea ocr_par ocr_line ocrx_word'/>
</head>
<body>
  <div class='ocr_page' id='page_1' title='image "./mtulliciceronis16cicegoog_0029.png"; bbox 0 0 2868 4958; ppageno 0'>
   <div class='ocr_carea' id='block_1_1' title="bbox 231 303 921 424">
    <p class='ocr_par' dir='ltr' id='par_1_1' title="bbox 231 303 921 424">
     <span class='ocr_line' id='line_1_1' title="bbox 231 303 921 424; baseline -0.006 0"><span class='ocrx_word' id='word_1_1' title='bbox 231 303 291 424; x_wconf 48' lang='lat' dir='ltr'>e&#39;</span> <span class='ocrx_word' id='word_1_2' title='bbox 595 348 921 422; x_wconf 71' lang='lat' dir='ltr'>nanctus</span> 
     </span>
    </p>
   </div>
   <div class='ocr_carea' id='block_1_2' title="bbox 235 537 1282 1041">
    <p class='ocr_par' dir='ltr' id='par_1_2' title="bbox 235 537 1282 1041">
     <span class='ocr_line' id='line_1_2' title="bbox 236 537 1280 636; baseline -0.006 -20"><span class='ocrx_word' id='word_1_3' title='bbox 236 564 361 616; x_wconf 84' lang='lat' dir='ltr'>sumus</span> <span class='ocrx_word' id='word_1_4' title='bbox 379 541 505 631; x_wconf 79' lang='lat' dir='ltr'>otiosi,</span> <span class='ocrx_word' id='word_1_5' title='bbox 527 549 735 636; x_wconf 66' lang='lat' dir='ltr'>pergratum</span> <span class='ocrx_word' id='word_1_6' title='bbox 756 541 843 614; x_wconf 90' lang='lat' dir='ltr'>mihi</span> <span class='ocrx_word' id='word_1_7' title='bbox 860 539 1055 613; x_wconf 70' lang='lat' dir='ltr'>feceris-</span> <span class='ocrx_word' id='word_1_8' title='bbox 1070 561 1178 630; x_wconf 83' lang='lat' dir='ltr'>spero</span> <span class='ocrx_word' id='word_1_9' title='bbox 1193 537 1280 610; x_wconf 82' lang='lat' dir='ltr'>item</span> 
     </span>
     <span class='ocr_line' id='line_1_3' title="bbox 236 642 1281 738; baseline -0.006 -20"><span class='ocrx_word' id='word_1_10' title='bbox 236 645 524 735; x_wconf 45' lang='lat' dir='ltr'>Scaevolam-3</span> <span class='ocrx_word' id='word_1_11' title='bbox 540 645 573 717; x_wconf 81' lang='lat' dir='ltr'>ei</span> <span class='ocrx_word' id='word_1_12' title='bbox 598 646 765 738; x_wconf 86' lang='lat' dir='ltr'>quemad</span> <span class='ocrx_word' id='word_1_13' title='bbox 783 646 930 713; x_wconf 88' lang='lat' dir='ltr'>modum</span> <span class='ocrx_word' id='word_1_14' title='bbox 955 642 1054 714; x_wconf 83' lang='lat' dir='ltr'>soles</span> <span class='ocrx_word' id='word_1_15' title='bbox 1078 643 1124 712; x_wconf 84' lang='lat' dir='ltr'>de</span> <span class='ocrx_word' id='word_1_16' title='bbox 1149 643 1281 712; x_wconf 77' lang='lat' dir='ltr'>ceteris</span> 
     </span>
     <span class='ocr_line' id='line_1_4' title="bbox 235 744 1282 839; baseline -0.005 -22"><span class='ocrx_word' id='word_1_17' title='bbox 235 750 346 817; x_wconf 80' lang='lat' dir='ltr'>rebus</span> <span class='ocrx_word' id='word_1_18' title='bbox 386 767 479 839; x_wconf 88' lang='lat' dir='ltr'>quae</span> <span class='ocrx_word' id='word_1_19' title='bbox 513 769 562 818; x_wconf 88' lang='lat' dir='ltr'>ex</span> <span class='ocrx_word' id='word_1_20' title='bbox 592 754 629 817; x_wconf 89' lang='lat' dir='ltr'>te</span> <span class='ocrx_word' id='word_1_21' title='bbox 662 752 895 838; x_wconf 84' lang='lat' dir='ltr'>quaeruntur,</span> <span class='ocrx_word' id='word_1_22' title='bbox 951 745 1004 814; x_wconf 82' lang='lat' dir='ltr'>sic</span> <span class='ocrx_word' id='word_1_23' title='bbox 1043 744 1090 814; x_wconf 88' lang='lat' dir='ltr'>de</span> <span class='ocrx_word' id='word_1_24' title='bbox 1121 744 1282 813; x_wconf 80' lang='lat' dir='ltr'>amicitia</span> 
     </span>
     <span class='ocr_line' id='line_1_5' title="bbox 237 839 1281 939; baseline -0.004 -21"><span class='ocrx_word' id='word_1_25' title='bbox 237 848 450 939; x_wconf 80' lang='lat' dir='ltr'>disputaris,</span> <span class='ocrx_word' id='word_1_26' title='bbox 485 839 573 939; x_wconf 88' lang='lat' dir='ltr'>qnid</span> <span class='ocrx_word' id='word_1_27' title='bbox 598 848 756 933; x_wconf 79' lang='lat' dir='ltr'>sentiae,</span> <span class='ocrx_word' id='word_1_28' title='bbox 783 847 927 939; x_wconf 84' lang='lat' dir='ltr'>qualem</span> <span class='ocrx_word' id='word_1_29' title='bbox 953 844 1158 934; x_wconf 82' lang='lat' dir='ltr'>existimes,</span> <span class='ocrx_word' id='word_1_30' title='bbox 1186 867 1281 937; x_wconf 82' lang='lat' dir='ltr'>quoe</span> 
     </span>
     <span class='ocr_line' id='line_1_6' title="bbox 236 935 1043 1041; baseline -0.005 -23"><span class='ocrx_word' id='word_1_31' title='bbox 236 957 431 1041; x_wconf 85' lang='lat' dir='ltr'>praecepta</span> <span class='ocrx_word' id='word_1_32' title='bbox 457 949 533 1019; x_wconf 80' lang='lat' dir='ltr'>des.</span> <span class='ocrx_word' id='word_1_33' title='bbox 1039 935 1043 950; x_wconf 61' lang='grc'><strong>“</strong></span> 
     </span>
    </p>
   </div>
   <div class='ocr_carea' id='block_1_3' title="bbox 232 1085 1282 1396">
    <p class='ocr_par' dir='ltr' id='par_1_3' title="bbox 232 1085 1282 1396">
     <span class='ocr_line' id='line_1_7' title="bbox 339 1085 1281 1191; baseline -0.004 -21"><span class='ocrx_word' id='word_1_34' title='bbox 339 1099 555 1170; x_wconf 78' lang='lat' dir='ltr'>Scnnvonn.</span> <span class='ocrx_word' id='word_1_35' title='bbox 608 1095 701 1170; x_wconf 82' lang='lat' dir='ltr'>Mihi</span> <span class='ocrx_word' id='word_1_36' title='bbox 726 1120 834 1170; x_wconf 81' lang='lat' dir='ltr'>vero:</span> <span class='ocrx_word' id='word_1_37' title='bbox 863 1104 970 1191; x_wconf 88' lang='lat' dir='ltr'>atque</span> <span class='ocrx_word' id='word_1_38' title='bbox 997 1085 1032 1167; x_wconf 90' lang='lat' dir='ltr'>id</span> <span class='ocrx_word' id='word_1_39' title='bbox 1054 1094 1171 1187; x_wconf 88' lang='lat' dir='ltr'>ipsum</span> <span class='ocrx_word' id='word_1_40' title='bbox 1198 1119 1281 1166; x_wconf 90' lang='lat' dir='ltr'>cum</span> 
     </span>
     <span class='ocr_line' id='line_1_8' title="bbox 238 1199 1282 1294; baseline -0.003 -23"><span class='ocrx_word' id='word_1_41' title='bbox 238 1207 357 1271; x_wconf 87' lang='lat' dir='ltr'>tecum</span> <span class='ocrx_word' id='word_1_42' title='bbox 383 1223 494 1294; x_wconf 81' lang='lat' dir='ltr'>agere</span> <span class='ocrx_word' id='word_1_43' title='bbox 522 1224 692 1288; x_wconf 83' lang='lat' dir='ltr'>conarer,</span> <span class='ocrx_word' id='word_1_44' title='bbox 731 1201 893 1289; x_wconf 79' lang='lat' dir='ltr'>Fannius</span> <span class='ocrx_word' id='word_1_45' title='bbox 927 1199 1139 1270; x_wconf 78' lang='lat' dir='ltr'>antevortit:</span> <span class='ocrx_word' id='word_1_46' title='bbox 1173 1220 1282 1291; x_wconf 89' lang='lat' dir='ltr'>quam</span> 
     </span>
     <span class='ocr_line' id='line_1_9' title="bbox 232 1299 1281 1396; baseline -0.001 -25"><span class='ocrx_word' id='word_1_47' title='bbox 232 1304 383 1393; x_wconf 87' lang='lat' dir='ltr'>obrem</span> <span class='ocrx_word' id='word_1_48' title='bbox 409 1303 559 1396; x_wconf 83' lang='lat' dir='ltr'>utrique</span> <span class='ocrx_word' id='word_1_49' title='bbox 572 1311 735 1373; x_wconf 86' lang='lat' dir='ltr'>nostrum</span> <span class='ocrx_word' id='word_1_50' title='bbox 757 1309 900 1396; x_wconf 80' lang='lat' dir='ltr'>gratum</span> <span class='ocrx_word' id='word_1_51' title='bbox 921 1301 1114 1372; x_wconf 76' lang='lat' dir='ltr'>admodum</span> <span class='ocrx_word' id='word_1_52' title='bbox 1136 1299 1281 1370; x_wconf 76' lang='lat' dir='ltr'>feceris,</span> 
     </span>
    </p>
   </div>
   <div class='ocr_carea' id='block_1_4' title="bbox 185 1450 1406 1546">
    <p class='ocr_par' dir='ltr' id='par_1_4' title="bbox 185 1450 1406 1546">
     <span class='ocr_line' id='line_1_10' title="bbox 185 1450 1406 1546; baseline -0.005 -21"><span class='ocrx_word' id='word_1_53' title='bbox 185 1493 188 1496; x_wconf 95' lang='lat'>·</span> <span class='ocrx_word' id='word_1_54' title='bbox 314 1451 361 1524; x_wconf 84' lang='lat' dir='ltr'>V.</span> <span class='ocrx_word' id='word_1_55' title='bbox 391 1454 449 1525; x_wconf 85' lang='lat'>17.</span> <span class='ocrx_word' id='word_1_56' title='bbox 491 1450 675 1526; x_wconf 59' lang='lat' dir='ltr'>Laeuos„</span> <span class='ocrx_word' id='word_1_57' title='bbox 716 1452 902 1546; x_wconf 79' lang='lat' dir='ltr'>Egovero</span> <span class='ocrx_word' id='word_1_58' title='bbox 928 1475 1001 1525; x_wconf 90' lang='lat' dir='ltr'>non</span> <span class='ocrx_word' id='word_1_59' title='bbox 1027 1473 1222 1543; x_wconf 66' lang='lat' dir='ltr'>gravent,</span> <span class='ocrx_word' id='word_1_60' title='bbox 1248 1451 1283 1522; x_wconf 85' lang='lat' dir='ltr'>ei</span> <span class='ocrx_word' id='word_1_61' title='bbox 1399 1521 1406 1532; x_wconf 80' lang='grc'><strong><em>,</em></strong></span> 
     </span>
    </p>
   </div>
   <div class='ocr_carea' id='block_1_5' title="bbox 193 1553 1284 3062">
    <p class='ocr_par' dir='ltr' id='par_1_5' title="bbox 193 1553 1284 3062">
     <span class='ocr_line' id='line_1_11' title="bbox 238 1553 1284 1644; baseline -0.001 -20"><span class='ocrx_word' id='word_1_62' title='bbox 238 1553 327 1624; x_wconf 90' lang='lat' dir='ltr'>mihi</span> <span class='ocrx_word' id='word_1_63' title='bbox 351 1555 430 1644; x_wconf 75' lang='lat' dir='ltr'>ipse</span> <span class='ocrx_word' id='word_1_64' title='bbox 456 1555 692 1626; x_wconf 73' lang='lat' dir='ltr'>confideremz</span> <span class='ocrx_word' id='word_1_65' title='bbox 733 1578 817 1624; x_wconf 86' lang='lat' dir='ltr'>nom</span> <span class='ocrx_word' id='word_1_66' title='bbox 850 1562 887 1624; x_wconf 85' lang='lat' dir='ltr'>ct</span> <span class='ocrx_word' id='word_1_67' title='bbox 919 1553 1109 1644; x_wconf 82' lang='lat' dir='ltr'>praeclara</span> <span class='ocrx_word' id='word_1_68' title='bbox 1140 1575 1201 1622; x_wconf 85' lang='lat' dir='ltr'>res</span> <span class='ocrx_word' id='word_1_69' title='bbox 1226 1560 1284 1623; x_wconf 83' lang='lat' dir='ltr'>est</span> 
     </span>
     <span class='ocr_line' id='line_1_12' title="bbox 240 1654 1281 1745; baseline -0.003 -19"><span class='ocrx_word' id='word_1_70' title='bbox 240 1662 277 1726; x_wconf 89' lang='lat' dir='ltr'>et</span> <span class='ocrx_word' id='word_1_71' title='bbox 297 1677 439 1742; x_wconf 81' lang='lat' dir='ltr'>eumue,</span> <span class='ocrx_word' id='word_1_72' title='bbox 466 1663 506 1726; x_wconf 89' lang='lat' dir='ltr'>ut</span> <span class='ocrx_word' id='word_1_73' title='bbox 527 1657 620 1727; x_wconf 86' lang='lat' dir='ltr'>dixit</span> <span class='ocrx_word' id='word_1_74' title='bbox 632 1657 814 1742; x_wconf 88' lang='lat' dir='ltr'>Fannius,</span> <span class='ocrx_word' id='word_1_75' title='bbox 842 1656 960 1743; x_wconf 81' lang='lat' dir='ltr'>otiosi.</span> <span class='ocrx_word' id='word_1_76' title='bbox 1013 1654 1088 1724; x_wconf 88' lang='lat' dir='ltr'>Sed</span> <span class='ocrx_word' id='word_1_77' title='bbox 1108 1655 1189 1745; x_wconf 87' lang='lat' dir='ltr'>q&#39;uis</span> <span class='ocrx_word' id='word_1_78' title='bbox 1211 1676 1281 1744; x_wconf 78' lang='lat' dir='ltr'>ego</span> 
     </span>
     <span class='ocr_line' id='line_1_13' title="bbox 239 1753 1284 1849; baseline -0.002 -23"><span class='ocrx_word' id='word_1_79' title='bbox 239 1755 343 1826; x_wconf 75' lang='lat' dir='ltr'>sumt</span> <span class='ocrx_word' id='word_1_80' title='bbox 383 1763 446 1826; x_wconf 84' lang='lat' dir='ltr'>out</span> <span class='ocrx_word' id='word_1_81' title='bbox 470 1779 564 1849; x_wconf 85' lang='lat' dir='ltr'>quae</span> <span class='ocrx_word' id='word_1_82' title='bbox 592 1766 646 1829; x_wconf 85' lang='lat' dir='ltr'>est</span> <span class='ocrx_word' id='word_1_83' title='bbox 667 1758 703 1826; x_wconf 94' lang='lat' dir='ltr'>in</span> <span class='ocrx_word' id='word_1_84' title='bbox 719 1781 777 1827; x_wconf 88' lang='lat' dir='ltr'>me</span> <span class='ocrx_word' id='word_1_85' title='bbox 797 1753 976 1829; x_wconf 77' lang='lat' dir='ltr'>facultusi</span> <span class='ocrx_word' id='word_1_86' title='bbox 1016 1757 1205 1826; x_wconf 86' lang='lat' dir='ltr'>doctorum</span> <span class='ocrx_word' id='word_1_87' title='bbox 1226 1761 1284 1825; x_wconf 84' lang='lat' dir='ltr'>cst</span> 
     </span>
     <span class='ocr_line' id='line_1_14' title="bbox 240 1855 1282 1951; baseline 0.003 -26"><span class='ocrx_word' id='word_1_88' title='bbox 240 1857 310 1928; x_wconf 84' lang='lat' dir='ltr'>ista</span> <span class='ocrx_word' id='word_1_89' title='bbox 336 1860 559 1928; x_wconf 77' lang='lat' dir='ltr'>consuetudo</span> <span class='ocrx_word' id='word_1_90' title='bbox 587 1881 701 1951; x_wconf 88' lang='lat' dir='ltr'>eaque</span> <span class='ocrx_word' id='word_1_91' title='bbox 718 1855 963 1945; x_wconf 83' lang='lat' dir='ltr'>Graecorum,</span> <span class='ocrx_word' id='word_1_92' title='bbox 989 1864 1030 1926; x_wconf 88' lang='lat' dir='ltr'>ut</span> <span class='ocrx_word' id='word_1_93' title='bbox 1043 1857 1089 1926; x_wconf 85' lang='lat' dir='ltr'>iis</span> <span class='ocrx_word' id='word_1_94' title='bbox 1115 1868 1282 1947; x_wconf 78' lang='lat' dir='ltr'>ponatur,</span> 
     </span>
     <span class='ocr_line' id='line_1_15' title="bbox 241 1959 1284 2053; baseline 0 -25"><span class='ocrx_word' id='word_1_95' title='bbox 241 1960 287 2029; x_wconf 89' lang='lat' dir='ltr'>de</span> <span class='ocrx_word' id='word_1_96' title='bbox 314 1980 386 2050; x_wconf 92' lang='lat' dir='ltr'>quo</span> <span class='ocrx_word' id='word_1_97' title='bbox 413 1959 595 2050; x_wconf 66' lang='lat' dir='ltr'>disputent</span> <span class='ocrx_word' id='word_1_98' title='bbox 620 1960 785 2053; x_wconf 81' lang='lat' dir='ltr'>quamvis</span> <span class='ocrx_word' id='word_1_99' title='bbox 811 1959 943 2030; x_wconf 87' lang='lat' dir='ltr'>subito.</span> <span class='ocrx_word' id='word_1_100' title='bbox 991 1981 1164 2050; x_wconf 76' lang='lat' dir='ltr'>magnum</span> <span class='ocrx_word' id='word_1_101' title='bbox 1189 1980 1284 2048; x_wconf 82' lang='lat' dir='ltr'>opus</span> 
     </span>
     <span class='ocr_line' id='line_1_16' title="bbox 241 2058 1283 2152; baseline 0.002 -24"><span class='ocrx_word' id='word_1_102' title='bbox 241 2066 297 2129; x_wconf 85' lang='lat' dir='ltr'>est</span> <span class='ocrx_word' id='word_1_103' title='bbox 322 2066 475 2152; x_wconf 84' lang='lat' dir='ltr'>egetque</span> <span class='ocrx_word' id='word_1_104' title='bbox 503 2062 761 2130; x_wconf 76' lang='lat' dir='ltr'>exercitatione</span> <span class='ocrx_word' id='word_1_105' title='bbox 787 2083 859 2130; x_wconf 92' lang='lat' dir='ltr'>non</span> <span class='ocrx_word' id='word_1_106' title='bbox 892 2082 1019 2150; x_wconf 85' lang='lat' dir='ltr'>parva.</span> <span class='ocrx_word' id='word_1_107' title='bbox 1086 2058 1208 2135; x_wconf 74' lang='lat' dir='ltr'>Quam</span> <span class='ocrx_word' id='word_1_108' title='bbox 1235 2061 1283 2130; x_wconf 84' lang='lat' dir='ltr'>ob</span> 
     </span>
     <span class='ocr_line' id='line_1_17' title="bbox 240 2161 1283 2254; baseline -0.001 -22"><span class='ocrx_word' id='word_1_109' title='bbox 240 2183 317 2232; x_wconf 84' lang='lat' dir='ltr'>rem</span> <span class='ocrx_word' id='word_1_110' title='bbox 343 2183 437 2254; x_wconf 87' lang='lat' dir='ltr'>quae</span> <span class='ocrx_word' id='word_1_111' title='bbox 470 2162 646 2252; x_wconf 85' lang='lat' dir='ltr'>disputari</span> <span class='ocrx_word' id='word_1_112' title='bbox 677 2163 724 2233; x_wconf 87' lang='lat' dir='ltr'>de</span> <span class='ocrx_word' id='word_1_113' title='bbox 756 2161 914 2232; x_wconf 82' lang='lat' dir='ltr'>amicitia</span> <span class='ocrx_word' id='word_1_114' title='bbox 946 2167 1115 2251; x_wconf 79' lang='lat' dir='ltr'>possunt,</span> <span class='ocrx_word' id='word_1_115' title='bbox 1149 2162 1196 2230; x_wconf 89' lang='lat' dir='ltr'>nb</span> <span class='ocrx_word' id='word_1_116' title='bbox 1229 2161 1283 2232; x_wconf 82' lang='lat' dir='ltr'>eis</span> 
     </span>
     <span class='ocr_line' id='line_1_18' title="bbox 199 2261 1282 2354; baseline 0.004 -29"><span class='ocrx_word' id='word_1_117' title='bbox 199 2321 203 2325; x_wconf 83' lang='lat'>.</span> <span class='ocrx_word' id='word_1_118' title='bbox 241 2283 374 2332; x_wconf 86' lang='lat' dir='ltr'>censeo</span> <span class='ocrx_word' id='word_1_119' title='bbox 400 2264 549 2353; x_wconf 72' lang='lat' dir='ltr'>petatis,</span> <span class='ocrx_word' id='word_1_120' title='bbox 577 2265 637 2354; x_wconf 90' lang='lat' dir='ltr'>qui</span> <span class='ocrx_word' id='word_1_121' title='bbox 663 2263 734 2333; x_wconf 85' lang='lat' dir='ltr'>iste</span> <span class='ocrx_word' id='word_1_122' title='bbox 760 2263 988 2353; x_wconf 80' lang='lat' dir='ltr'>profitentur:</span> <span class='ocrx_word' id='word_1_123' title='bbox 1029 2284 1100 2352; x_wconf 77' lang='lat' dir='ltr'>ego</span> <span class='ocrx_word' id='word_1_124' title='bbox 1117 2284 1184 2332; x_wconf 88' lang='lat' dir='ltr'>vos</span> <span class='ocrx_word' id='word_1_125' title='bbox 1201 2261 1282 2330; x_wconf 75' lang='lat' dir='ltr'>nor·</span> 
     </span>
     <span class='ocr_line' id='line_1_19' title="bbox 240 2363 1283 2454; baseline 0.001 -21"><span class='ocrx_word' id='word_1_126' title='bbox 240 2363 311 2438; x_wconf 84' lang='lat' dir='ltr'>tari</span> <span class='ocrx_word' id='word_1_127' title='bbox 337 2371 474 2432; x_wconf 88' lang='lat' dir='ltr'>tantum</span> <span class='ocrx_word' id='word_1_128' title='bbox 499 2385 667 2454; x_wconf 86' lang='lat' dir='ltr'>possum,</span> <span class='ocrx_word' id='word_1_129' title='bbox 696 2372 736 2434; x_wconf 91' lang='lat' dir='ltr'>ut</span> <span class='ocrx_word' id='word_1_130' title='bbox 762 2365 955 2435; x_wconf 81' lang='lat' dir='ltr'>amicitiam</span> <span class='ocrx_word' id='word_1_131' title='bbox 983 2365 1148 2434; x_wconf 82' lang='lat' dir='ltr'>omnibus</span> <span class='ocrx_word' id='word_1_132' title='bbox 1174 2365 1283 2434; x_wconf 77' lang='lat' dir='ltr'>rebus</span> 
     </span>
     <span class='ocr_line' id='line_1_20' title="bbox 239 2461 1283 2555; baseline 0.003 -24"><span class='ocrx_word' id='word_1_133' title='bbox 239 2461 407 2534; x_wconf 83' lang='lat' dir='ltr'>humanis</span> <span class='ocrx_word' id='word_1_134' title='bbox 434 2466 678 2555; x_wconf 82' lang='lat' dir='ltr'>anteponatis;</span> <span class='ocrx_word' id='word_1_135' title='bbox 712 2465 802 2535; x_wconf 88' lang='lat' dir='ltr'>nihii</span> <span class='ocrx_word' id='word_1_136' title='bbox 828 2473 885 2536; x_wconf 81' lang='lat' dir='ltr'>ost</span> <span class='ocrx_word' id='word_1_137' title='bbox 908 2465 1004 2534; x_wconf 77' lang='lat' dir='ltr'>enun</span> <span class='ocrx_word' id='word_1_138' title='bbox 1031 2472 1104 2534; x_wconf 90' lang='lat' dir='ltr'>tam</span> <span class='ocrx_word' id='word_1_139' title='bbox 1131 2473 1283 2536; x_wconf 80' lang='lat' dir='ltr'>naturae</span> 
     </span>
     <span class='ocr_line' id='line_1_21' title="bbox 241 2567 1284 2656; baseline 0 -20"><span class='ocrx_word' id='word_1_140' title='bbox 241 2573 383 2656; x_wconf 86' lang='lat' dir='ltr'>aptum,</span> <span class='ocrx_word' id='word_1_141' title='bbox 416 2572 489 2636; x_wconf 89' lang='lat' dir='ltr'>tam</span> <span class='ocrx_word' id='word_1_142' title='bbox 517 2569 736 2636; x_wconf 84' lang='lat' dir='ltr'>conveniens</span> <span class='ocrx_word' id='word_1_143' title='bbox 762 2568 809 2648; x_wconf 76' lang='lat' dir='ltr'>ad</span> <span class='ocrx_word' id='word_1_144' title='bbox 842 2589 902 2637; x_wconf 82' lang='lat' dir='ltr'>res</span> <span class='ocrx_word' id='word_1_145' title='bbox 937 2567 995 2636; x_wconf 79' lang='lat' dir='ltr'>vei</span> <span class='ocrx_word' id='word_1_146' title='bbox 1018 2568 1197 2638; x_wconf 81' lang='lat' dir='ltr'>secundos</span> <span class='ocrx_word' id='word_1_147' title='bbox 1222 2567 1284 2636; x_wconf 84' lang='lat' dir='ltr'>vel</span> 
     </span>
     <span class='ocr_line' id='line_1_22' title="bbox 241 2667 1282 2759; baseline 0.005 -24"><span class='ocrx_word' id='word_1_148' title='bbox 241 2667 427 2738; x_wconf 84' lang='lat' dir='ltr'>adversas.</span> <span class='ocrx_word' id='word_1_149' title='bbox 496 2668 555 2740; x_wconf 87' lang='lat'>18.</span> <span class='ocrx_word' id='word_1_150' title='bbox 596 2667 674 2739; x_wconf 87' lang='lat' dir='ltr'>Sed</span> <span class='ocrx_word' id='word_1_151' title='bbox 704 2668 776 2738; x_wconf 89' lang='lat' dir='ltr'>hoc</span> <span class='ocrx_word' id='word_1_152' title='bbox 801 2669 955 2759; x_wconf 83' lang='lat' dir='ltr'>primum</span> <span class='ocrx_word' id='word_1_153' title='bbox 981 2668 1117 2753; x_wconf 81' lang='lat' dir='ltr'>sentio,</span> <span class='ocrx_word' id='word_1_154' title='bbox 1149 2667 1218 2738; x_wconf 86' lang='lat' dir='ltr'>nisi</span> <span class='ocrx_word' id='word_1_155' title='bbox 1245 2669 1282 2740; x_wconf 88' lang='lat' dir='ltr'>in</span> 
     </span>
     <span class='ocr_line' id='line_1_23' title="bbox 241 2768 1283 2861; baseline 0.003 -24"><span class='ocrx_word' id='word_1_156' title='bbox 241 2768 345 2838; x_wconf 83' lang='lat' dir='ltr'>bonis</span> <span class='ocrx_word' id='word_1_157' title='bbox 373 2769 566 2840; x_wconf 78' lang='lat' dir='ltr'>amicitiam</span> <span class='ocrx_word' id='word_1_158' title='bbox 593 2793 675 2840; x_wconf 80' lang='lat' dir='ltr'>esee</span> <span class='ocrx_word' id='word_1_159' title='bbox 701 2793 775 2840; x_wconf 93' lang='lat' dir='ltr'>non</span> <span class='ocrx_word' id='word_1_160' title='bbox 800 2791 926 2861; x_wconf 86' lang='lat' dir='ltr'>posse:</span> <span class='ocrx_word' id='word_1_161' title='bbox 955 2791 1074 2861; x_wconf 87' lang='lat' dir='ltr'>neque</span> <span class='ocrx_word' id='word_1_162' title='bbox 1100 2771 1139 2840; x_wconf 88' lang='lat' dir='ltr'>id</span> <span class='ocrx_word' id='word_1_163' title='bbox 1161 2771 1208 2840; x_wconf 89' lang='lat' dir='ltr'>ad</span> <span class='ocrx_word' id='word_1_164' title='bbox 1229 2771 1283 2840; x_wconf 89' lang='lat' dir='ltr'>vi·</span> 
     </span>
     <span class='ocr_line' id='line_1_24' title="bbox 193 2871 1282 2963; baseline 0.006 -27"><span class='ocrx_word' id='word_1_165' title='bbox 193 2911 216 2936; x_wconf 36' lang='grc' dir='ltr'>κ</span> <span class='ocrx_word' id='word_1_166' title='bbox 239 2889 326 2937; x_wconf 81' lang='lat' dir='ltr'>vum</span> <span class='ocrx_word' id='word_1_167' title='bbox 352 2892 499 2958; x_wconf 84' lang='lat' dir='ltr'>uesceo,</span> <span class='ocrx_word' id='word_1_168' title='bbox 532 2878 574 2940; x_wconf 90' lang='lat' dir='ltr'>ut</span> <span class='ocrx_word' id='word_1_169' title='bbox 606 2872 658 2940; x_wconf 90' lang='lat' dir='ltr'>illi</span> <span class='ocrx_word' id='word_1_170' title='bbox 684 2872 744 2963; x_wconf 93' lang='lat' dir='ltr'>qui</span> <span class='ocrx_word' id='word_1_171' title='bbox 779 2871 870 2942; x_wconf 86' lang='lat' dir='ltr'>hoec</span> <span class='ocrx_word' id='word_1_172' title='bbox 896 2872 1062 2943; x_wconf 83' lang='lat' dir='ltr'>subtilius</span> <span class='ocrx_word' id='word_1_173' title='bbox 1087 2872 1282 2958; x_wconf 82' lang='lat' dir='ltr'>disserunt,</span> 
     </span>
     <span class='ocr_line' id='line_1_25' title="bbox 239 2970 1281 3062; baseline 0.005 -25"><span class='ocrx_word' id='word_1_174' title='bbox 239 2970 398 3038; x_wconf 84' lang='lat' dir='ltr'>fortasse</span> <span class='ocrx_word' id='word_1_175' title='bbox 414 2991 520 3057; x_wconf 81' lang='lat' dir='ltr'>vere,</span> <span class='ocrx_word' id='word_1_176' title='bbox 542 2974 606 3042; x_wconf 86' lang='lat' dir='ltr'>sed</span> <span class='ocrx_word' id='word_1_177' title='bbox 622 2974 667 3042; x_wconf 87' lang='lat' dir='ltr'>ad</span> <span class='ocrx_word' id='word_1_178' title='bbox 687 2995 914 3042; x_wconf 88' lang='lat' dir='ltr'>communem</span> <span class='ocrx_word' id='word_1_179' title='bbox 931 2973 1121 3043; x_wconf 81' lang='lat' dir='ltr'>utilitatem</span> <span class='ocrx_word' id='word_1_180' title='bbox 1136 2993 1281 3062; x_wconf 84' lang='lat' dir='ltr'>parum:</span> 
     </span>
    </p>
   </div>
   <div class='ocr_carea' id='block_1_6' title="bbox 238 3072 1411 3166">
    <p class='ocr_par' dir='ltr' id='par_1_6' title="bbox 238 3072 1411 3166">
     <span class='ocr_line' id='line_1_26' title="bbox 238 3072 1411 3166; baseline 0.004 -26"><span class='ocrx_word' id='word_1_181' title='bbox 238 3077 375 3162; x_wconf 80' lang='lat' dir='ltr'>negant</span> <span class='ocrx_word' id='word_1_182' title='bbox 407 3072 502 3141; x_wconf 92' lang='lat' dir='ltr'>enim</span> <span class='ocrx_word' id='word_1_183' title='bbox 534 3093 749 3166; x_wconf 87' lang='lat' dir='ltr'>quemquam</span> <span class='ocrx_word' id='word_1_184' title='bbox 781 3095 864 3144; x_wconf 83' lang='lat' dir='ltr'>esse</span> <span class='ocrx_word' id='word_1_185' title='bbox 897 3075 1015 3144; x_wconf 86' lang='lat' dir='ltr'>virum</span> <span class='ocrx_word' id='word_1_186' title='bbox 1047 3076 1182 3144; x_wconf 91' lang='lat' dir='ltr'>bonum</span> <span class='ocrx_word' id='word_1_187' title='bbox 1214 3073 1282 3144; x_wconf 84' lang='lat' dir='ltr'>nisi</span> <span class='ocrx_word' id='word_1_188' title='bbox 1406 3111 1411 3118; x_wconf 95' lang='lat'>·</span> 
     </span>
    </p>
   </div>
   <div class='ocr_carea' id='block_1_7' title="bbox 239 3173 1302 3675">
    <p class='ocr_par' dir='ltr' id='par_1_7' title="bbox 239 3173 1302 3675">
     <span class='ocr_line' id='line_1_27' title="bbox 239 3173 1282 3266; baseline 0.002 -24"><span class='ocrx_word' id='word_1_189' title='bbox 239 3173 452 3262; x_wconf 86' lang='lat' dir='ltr'>sapientem.</span> <span class='ocrx_word' id='word_1_190' title='bbox 493 3174 539 3243; x_wconf 86' lang='lat' dir='ltr'>sit</span> <span class='ocrx_word' id='word_1_191' title='bbox 563 3175 614 3244; x_wconf 84' lang='lat' dir='ltr'>ita</span> <span class='ocrx_word' id='word_1_192' title='bbox 628 3197 736 3264; x_wconf 81' lang='lat' dir='ltr'>sane3</span> <span class='ocrx_word' id='word_1_193' title='bbox 761 3179 924 3248; x_wconf 86' lang='lat' dir='ltr'>sedeam</span> <span class='ocrx_word' id='word_1_194' title='bbox 941 3175 1158 3266; x_wconf 85' lang='lat' dir='ltr'>sapientiam</span> <span class='ocrx_word' id='word_1_195' title='bbox 1173 3175 1282 3246; x_wconf 85' lang='lat' dir='ltr'>inter-</span> 
     </span>
     <span class='ocr_line' id='line_1_28' title="bbox 239 3276 1283 3367; baseline 0.005 -25"><span class='ocrx_word' id='word_1_196' title='bbox 239 3280 445 3364; x_wconf 75' lang='lat' dir='ltr'>pretantur,</span> <span class='ocrx_word' id='word_1_197' title='bbox 473 3297 580 3367; x_wconf 89' lang='lat' dir='ltr'>quam</span> <span class='ocrx_word' id='word_1_198' title='bbox 610 3276 729 3346; x_wconf 88' lang='lat' dir='ltr'>adhuc</span> <span class='ocrx_word' id='word_1_199' title='bbox 754 3299 861 3347; x_wconf 80' lang='lat' dir='ltr'>nemo</span> <span class='ocrx_word' id='word_1_200' title='bbox 888 3277 1050 3346; x_wconf 83' lang='lat' dir='ltr'>mortuiis</span> <span class='ocrx_word' id='word_1_201' title='bbox 1077 3286 1132 3346; x_wconf 86' lang='lat' dir='ltr'>est</span> <span class='ocrx_word' id='word_1_202' title='bbox 1157 3299 1283 3347; x_wconf 84' lang='lat' dir='ltr'>conse·</span> 
     </span>
     <span class='ocr_line' id='line_1_29' title="bbox 240 3379 1283 3471; baseline 0.004 -29"><span class='ocrx_word' id='word_1_203' title='bbox 240 3381 360 3451; x_wconf 83' lang='lat' dir='ltr'>cutus:</span> <span class='ocrx_word' id='word_1_204' title='bbox 402 3397 471 3445; x_wconf 85' lang='lat' dir='ltr'>noe</span> <span class='ocrx_word' id='word_1_205' title='bbox 498 3385 619 3445; x_wconf 89' lang='lat' dir='ltr'>nutem</span> <span class='ocrx_word' id='word_1_206' title='bbox 653 3400 697 3449; x_wconf 87' lang='lat' dir='ltr'>ea</span> <span class='ocrx_word' id='word_1_207' title='bbox 730 3400 824 3471; x_wconf 87' lang='lat' dir='ltr'>quae</span> <span class='ocrx_word' id='word_1_208' title='bbox 856 3386 940 3450; x_wconf 82' lang='lat' dir='ltr'>sunt</span> <span class='ocrx_word' id='word_1_209' title='bbox 971 3379 1009 3448; x_wconf 91' lang='lat' dir='ltr'>in</span> <span class='ocrx_word' id='word_1_210' title='bbox 1041 3400 1111 3448; x_wconf 88' lang='lat' dir='ltr'>usu</span> <span class='ocrx_word' id='word_1_211' title='bbox 1136 3380 1283 3468; x_wconf 86' lang='lat' dir='ltr'>vitaque</span> 
     </span>
     <span class='ocr_line' id='line_1_30' title="bbox 240 3477 1284 3571; baseline -0.001 -24"><span class='ocrx_word' id='word_1_212' title='bbox 240 3477 439 3566; x_wconf 82' lang='lat' dir='ltr'>communi,</span> <span class='ocrx_word' id='word_1_213' title='bbox 480 3498 552 3545; x_wconf 92' lang='lat' dir='ltr'>non</span> <span class='ocrx_word' id='word_1_214' title='bbox 589 3500 633 3548; x_wconf 87' lang='lat' dir='ltr'>en</span> <span class='ocrx_word' id='word_1_215' title='bbox 666 3501 759 3571; x_wconf 85' lang='lat' dir='ltr'>quae</span> <span class='ocrx_word' id='word_1_216' title='bbox 794 3479 978 3570; x_wconf 76' lang='lat' dir='ltr'>finguntur</span> <span class='ocrx_word' id='word_1_217' title='bbox 1017 3485 1081 3549; x_wconf 85' lang='lat' dir='ltr'>aut</span> <span class='ocrx_word' id='word_1_218' title='bbox 1114 3487 1284 3569; x_wconf 80' lang='lat' dir='ltr'>optantur</span> 
     </span>
     <span class='ocr_line' id='line_1_31' title="bbox 239 3576 1302 3675; baseline 0.006 -31"><span class='ocrx_word' id='word_1_219' title='bbox 239 3584 405 3675; x_wconf 80' lang='lat' dir='ltr'>spectare</span> <span class='ocrx_word' id='word_1_220' title='bbox 452 3578 636 3658; x_wconf 77' lang='lat' dir='ltr'>debemus.</span> <span class='ocrx_word' id='word_1_221' title='bbox 715 3577 921 3672; x_wconf 83' lang='lat' dir='ltr'>Numquam</span> <span class='ocrx_word' id='word_1_222' title='bbox 964 3604 1033 3675; x_wconf 78' lang='lat' dir='ltr'>ego</span> <span class='ocrx_word' id='word_1_223' title='bbox 1081 3582 1199 3654; x_wconf 86' lang='lat' dir='ltr'>dicam</span> <span class='ocrx_word' id='word_1_224' title='bbox 1238 3576 1302 3663; x_wconf 66' lang='grc' dir='ltr'>(3.Ι</span> 
     </span>
    </p>
   </div>
   <div class='ocr_carea' id='block_1_8' title="bbox 240 3823 1285 4080">
    <p class='ocr_par' dir='ltr' id='par_1_8' title="bbox 240 3823 1285 4080">
     <span class='ocr_line' id='line_1_32' title="bbox 324 3823 1285 3918; baseline 0.005 -32"><span class='ocrx_word' id='word_1_225' title='bbox 324 3823 384 3894; x_wconf 78' lang='lat' dir='ltr'>lv,</span> <span class='ocrx_word' id='word_1_226' title='bbox 416 3831 448 3909; x_wconf 67' lang='lat'>§-</span> <span class='ocrx_word' id='word_1_227' title='bbox 463 3837 514 3895; x_wconf 76' lang='grc'>16.</span> <span class='ocrx_word' id='word_1_228' title='bbox 547 3851 622 3912; x_wconf 84' lang='lat' dir='ltr'>qnae</span> <span class='ocrx_word' id='word_1_229' title='bbox 642 3850 682 3896; x_wconf 85' lang='lat' dir='ltr'>ex</span> <span class='ocrx_word' id='word_1_230' title='bbox 700 3827 742 3913; x_wconf 84' lang='lat' dir='ltr'>te]</span> <span class='ocrx_word' id='word_1_231' title='bbox 765 3853 906 3918; x_wconf 75' lang='lat' dir='ltr'>quamue</span> <span class='ocrx_word' id='word_1_232' title='bbox 920 3847 957 3894; x_wconf 75' lang='lat' dir='ltr'>te.</span> <span class='ocrx_word' id='word_1_233' title='bbox 993 3829 1069 3892; x_wconf 85' lang='lat' dir='ltr'>Mihi</span> <span class='ocrx_word' id='word_1_234' title='bbox 1080 3829 1161 3915; x_wconf 80' lang='lat' dir='ltr'>vero]</span> <span class='ocrx_word' id='word_1_235' title='bbox 1199 3829 1285 3891; x_wconf 72' lang='lat' dir='ltr'>Mihi</span> 
     </span>
     <span class='ocr_line' id='line_1_33' title="bbox 240 3914 1283 3996; baseline 0.007 -27"><span class='ocrx_word' id='word_1_236' title='bbox 240 3931 306 3970; x_wconf 77' lang='lat' dir='ltr'>cero</span> <span class='ocrx_word' id='word_1_237' title='bbox 329 3915 510 3986; x_wconf 71' lang='lat' dir='ltr'>[pergenium</span> <span class='ocrx_word' id='word_1_238' title='bbox 527 3920 606 3988; x_wconf 50' lang='lat' dir='ltr'>etit]</span> <span class='ocrx_word' id='word_1_239' title='bbox 648 3917 816 3996; x_wconf 74' lang='lat' dir='ltr'>atitevortit]</span> <span class='ocrx_word' id='word_1_240' title='bbox 839 3921 998 3977; x_wconf 73' lang='lat' dir='ltr'>antevertit.</span> <span class='ocrx_word' id='word_1_241' title='bbox 1051 3914 1094 3977; x_wconf 86' lang='lat' dir='ltr'>V.</span> <span class='ocrx_word' id='word_1_242' title='bbox 1117 3920 1149 3995; x_wconf 61' lang='grc' dir='ltr'>ς.</span> <span class='ocrx_word' id='word_1_243' title='bbox 1166 3926 1215 3979; x_wconf 86' lang='grc'>17.</span> <span class='ocrx_word' id='word_1_244' title='bbox 1234 3929 1283 3977; x_wconf 82' lang='lat' dir='ltr'>eut</span> 
     </span>
     <span class='ocr_line' id='line_1_34' title="bbox 241 3994 1283 4080; baseline 0.01 -28"><span class='ocrx_word' id='word_1_245' title='bbox 241 3997 366 4069; x_wconf 81' lang='lat' dir='ltr'>quaeest</span> <span class='ocrx_word' id='word_1_246' title='bbox 378 3998 407 4054; x_wconf 91' lang='lat' dir='ltr'>in</span> <span class='ocrx_word' id='word_1_247' title='bbox 420 3994 477 4080; x_wconf 83' lang='lat' dir='ltr'>me}</span> <span class='ocrx_word' id='word_1_248' title='bbox 491 4013 543 4057; x_wconf 77' lang='lat' dir='ltr'>aut</span> <span class='ocrx_word' id='word_1_249' title='bbox 555 4021 629 4078; x_wconf 80' lang='lat' dir='ltr'>quoe</span> <span class='ocrx_word' id='word_1_250' title='bbox 639 4003 672 4059; x_wconf 72' lang='lat' dir='ltr'>iu</span> <span class='ocrx_word' id='word_1_251' title='bbox 682 4023 726 4060; x_wconf 84' lang='lat' dir='ltr'>me</span> <span class='ocrx_word' id='word_1_252' title='bbox 739 4015 789 4062; x_wconf 79' lang='lat' dir='ltr'>est.</span> <span class='ocrx_word' id='word_1_253' title='bbox 818 4005 849 4078; x_wconf 57' lang='grc' dir='ltr'>ᾖ.</span> <span class='ocrx_word' id='word_1_254' title='bbox 863 4011 914 4066; x_wconf 79' lang='grc' dir='ltr'>18ι</span> <span class='ocrx_word' id='word_1_255' title='bbox 928 4022 1177 4078; x_wconf 78' lang='lat' dir='ltr'>quemquumesce</span> <span class='ocrx_word' id='word_1_256' title='bbox 1188 4007 1283 4064; x_wconf 83' lang='lat' dir='ltr'>virum</span> 
     </span>
    </p>
   </div>
   <div class='ocr_carea' id='block_1_9' title="bbox 239 4080 1282 4236">
    <p class='ocr_par' dir='ltr' id='par_1_9' title="bbox 239 4080 1282 4236">
     <span class='ocr_line' id='line_1_35' title="bbox 239 4080 1282 4224; baseline 0.011 -87"><span class='ocrx_word' id='word_1_257' title='bbox 239 4080 363 4224; x_wconf 48' lang='lat' dir='ltr'>lupum]</span> <span class='ocrx_word' id='word_1_258' title='bbox 391 4102 560 4162; x_wconf 67' lang='lat' dir='ltr'>quemquam</span> <span class='ocrx_word' id='word_1_259' title='bbox 579 4087 673 4150; x_wconf 70' lang='lat' dir='ltr'>uirum</span> <span class='ocrx_word' id='word_1_260' title='bbox 693 4083 799 4154; x_wconf 72' lang='lat' dir='ltr'>benum</span> <span class='ocrx_word' id='word_1_261' title='bbox 820 4107 888 4153; x_wconf 71' lang='lat' dir='ltr'>ease.</span> <span class='ocrx_word' id='word_1_262' title='bbox 936 4105 1024 4148; x_wconf 68' lang='lat' dir='ltr'>necno</span> <span class='ocrx_word' id='word_1_263' title='bbox 1044 4083 1182 4169; x_wconf 78' lang='lat' dir='ltr'>mortalis]</span> <span class='ocrx_word' id='word_1_264' title='bbox 1204 4107 1282 4148; x_wconf 56' lang='lat' dir='ltr'>moa</span> 
     </span>
     <span class='ocr_line' id='line_1_36' title="bbox 242 4185 420 4236; baseline 0.022 -15"><span class='ocrx_word' id='word_1_265' title='bbox 242 4186 271 4232; x_wconf 58' lang='lat' dir='ltr'>,o</span> <span class='ocrx_word' id='word_1_266' title='bbox 284 4185 308 4222; x_wconf 77' lang='lat' dir='ltr'>es</span> <span class='ocrx_word' id='word_1_267' title='bbox 328 4187 420 4236; x_wconf 76' lang='lat' dir='ltr'>nemu,</span> 
     </span>
    </p>
   </div>
   <div class='ocr_carea' id='block_1_10' title="bbox 0 0 1444 4958">
    <p class='ocr_par' dir='ltr' id='par_1_10' title="bbox 0 0 1444 4958">
     <span class='ocr_line' id='line_1_37' title="bbox 0 0 1444 4958; baseline 0 0"><span class='ocrx_word' id='word_1_268' title='bbox 0 0 1444 4958; x_wconf 95' lang='lat' dir='ltr'> </span> 
     </span>
    </p>
   </div>
  </div>
 </body>
</html>
