2850 4940
246 293 310 398 roc
346 290 835 394 nuuorsrtoitns
879 323 1211 416 nummum.
1276 346 1284 351 ·

248 522 338 577 bitare
365 537 423 575 nou
454 526 546 592 potest
572 517 623 590 quai
650 513 795 575 Ciceronis
822 535 982 576 sennonem
1013 519 1159 591 cognitum
1190 516 1291 589 babet,

247 605 318 679 quin
339 601 566 676 postponendum
588 599 689 659 bausit
700 613 857 660 ceterorum
870 602 1007 660 librorum
1018 604 1183 675 scripturae.
1212 613 1292 660 recto

249 699 344 746 autem
366 706 383 744 a
404 687 569 745 novissimis
590 685 745 744 editoribus
766 699 806 744 ex
827 687 891 743 iibri
915 684 1090 743 Eriurteusis
1110 687 1291 758 annuorum,
1316 733 1322 740 ,

248 774 294 829 cui
315 770 391 844 apud
413 791 460 829 me
481 768 618 828 accedunt
638 767 806 840 Gudianus,
828 769 920 828 Vina.
942 769 1003 844 lb,
1023 768 1107 844 Aug.
1130 768 1184 844 11.,
1206 767 1292 828 Hae·

248 856 327 928 neb,
359 855 494 928 scriptum
522 864 568 912 est
593 851 763 911 trdbaaradus
787 857 893 912 omisso
919 854 1009 912 verbo
1035 854 1214 911 substantivo
1236 867 1290 914 cat.

249 941 373 1012 denique
394 939 465 996 iilud
487 948 562 996 rene
589 937 694 996 famatus
716 939 752 996 ab
774 937 899 1012 eisdem,
927 938 1004 1012 qnod
1032 957 1092 996 nan
1112 941 1139 994 is
1158 941 1212 1016 qui
1225 957 1292 1010 pn-

249 1027 342 1082 tiotan·
363 1042 403 1081 ex
424 1022 504 1079 libris
526 1021 708 1098 melioribus,
731 1021 807 1095 Ert„
830 1021 936 1093 Basib,
959 1019 1111 1093 Beruens,
1131 1018 1291 1079 ‘oxonien-

250 1105 386 1177 sibusE,
408 1103 441 1177 Ι,
465 1103 509 1176 U,
532 1126 568 1176 ν,
589 1126 622 1177 o,
645 1125 680 1180 σ,
702 1119 741 1182 ψ,
763 1107 827 1164 aliis
848 1106 998 1164 edidernnt
1020 1127 1070 1179 pro
1090 1104 1208 1180 volgato
1228 1125 1291 1162 nors

251 1195 302 1269 pua·
317 1193 465 1264 potiatur,
487 1191 632 1264 mirorque
653 1190 731 1264 qnod
752 1185 882 1248 Oreiiinb
902 1192 986 1248 iatam
1007 1190 1152 1264 volgatam
1166 1190 1289 1264 scriptu-

251 1293 313 1332 ram
333 1276 363 1331 io
381 1275 568 1332 annotatione
589 1273 684 1333 denuo
705 1275 924 1332 commendarit.
967 1273 1031 1330 iibri
1060 1274 1149 1331 nostri
1175 1271 1290 1332 Gudia-

142 1425 149 1430 ,
251 1377 323 1430 nus,
344 1355 474 1416 Vindob.
496 1365 636 1431 uterque,
657 1356 740 1433 Aug.
762 1356 804 1430 l.,
826 1356 909 1433 Aug.
932 1355 990 1427 tl„
1012 1355 1209 1432 Gottiugeusis
1229 1377 1291 1416 uno

252 1461 394 1500 consensu
419 1445 445 1500 r's
472 1451 602 1515 tuentur,
629 1441 707 1514 qnod
731 1444 790 1499 iam
812 1455 926 1516 propter
946 1441 1051 1512 verba,
1077 1461 1152 1515 quae
1173 1461 1291 1516 praeca-

253 1526 323 1585 duut
345 1539 378 1583 ut
398 1529 424 1582 r's
444 1525 477 1582 in
497 1524 584 1598 culpo
603 1527 641 1582 sit
662 1529 713 1602 qui
731 1525 836 1605 fociot
862 1525 1082 1598 praeferendum
1112 1536 1167 1584 est.
1211 1525 1287 1583 cous.

254 1629 341 1684 supra
363 1629 387 1666 c.
401 1615 451 1668 tn.
475 1609 506 1682 ᾗ.
519 1614 569 1668 59.
591 1629 717 1686 quonam
737 1613 812 1666 oraim
832 1607 917 1667 ruodo
938 1612 1088 1687 quisquam
1109 1612 1218 1666 oraton
1231 1627 1290 1666 ease

249 1697 360 1770 poter’it
379 1697 458 1766 eius,
487 1695 535 1750 cui
554 1713 584 1750 se
599 1691 718 1766 putabit
738 1695 885 1750 inimicum
905 1713 962 1750 esse
977 1699 1085 1766 posse?
1095 1734 1107 1763 ,
1134 1694 1184 1749 ubi
1211 1692 1287 1750 idem

89 1791 91 1798 '
133 1793 135 1798 ’
254 1795 309 1854 ogo
331 1797 371 1836 ex
392 1778 500 1835 eisdam
521 1777 601 1834 libris
622 1797 778 1850 pronomen
800 1780 861 1833 eius
880 1778 1074 1851 recipiendum
1096 1778 1214 1850 puteri3
1237 1796 1290 1835 ne·

255 1882 312 1936 qne
334 1863 410 1920 euim
432 1859 506 1916 baec
525 1859 660 1916 videntur
680 1879 721 1917 ex
735 1861 913 1934 glossematis
933 1872 999 1918 nata
1021 1879 1096 1935 esse,
1115 1861 1167 1918 sed
1187 1861 1291 1933 partim

255 1955 371 2046 propter
400 1943 566 2018 compendia
598 1943 737 2003 scribendi
769 1945 1077 2021 partim··uegiigentia
1108 1945 1291 2020 librariorum

255 2031 461 2173 ob'mibididm.
504 2133 566 2174 usn
586 2118 683 2174 coatia
703 2127 743 2174 est
763 2129 930 2194 etquenam
951 2116 1097 2191 provisio,
1124 2127 1158 2173 ut
1188 2135 1225 2172 ne
1243 2116 1291 2172 ati-

257 2203 311 2260 am's
331 2203 388 2258 cito
415 2197 536 2274 diligere
555 2202 697 2274 incipiunt
722 2221 790 2260 oreae
809 2221 869 2258 oon
891 2197 1015 2274 dignos
1045 2198 1182 2258 hocloco
1203 2200 1292 2258 etiam

158 2276 171 2284 ”
230 2301 231 2304 ’
256 2287 332 2342 inter
359 2285 480 2357 optimos
507 2283 595 2342 libros
622 2303 727 2360 magua
754 2285 940 2358 discrepantia
958 2295 1014 2342 ,est
1039 2283 1076 2342 ds
1105 2283 1205 2343 verbis
1223 2303 1292 2340 neue

255 2389 316 2426 non
336 2364 450 2440 dignos.
493 2365 542 2424 aiii
563 2369 641 2426 enim
662 2381 695 2426 ut
716 2361 884 2442 Gudianus,
906 2367 1101 2442 Basiieensis,
1132 2365 1292 2426 Remenais

257 2465 389 2526 uterque,
410 2448 537 2509 Vindob.
552 2449 590 2526 1.,
613 2449 708 2511 Haeo.
730 2450 837 2511 bubeut
854 2473 924 2510 neue
938 2450 1085 2526 indiguos,
1107 2451 1168 2525 alii,
1186 2461 1222 2510 ut
1234 2449 1293 2510 Er.-

255 2537 393 2620 funensis
407 2545 435 2594 et
446 2533 575 2594 Vindob.
588 2535 636 2608 ii„
650 2537 795 2614 volgatam
812 2539 978 2612 scripturam
995 2536 1174 2595 confirmant.
1201 2555 1292 2608 quum

257 2623 293 2680 ob
316 2639 377 2678 reru
397 2640 462 2678 curn
485 2623 515 2678 iu
536 2641 567 2678 ra
589 2621 647 2678 ieri
668 2621 748 2678 libris
767 2621 904 2679 iudicium
925 2632 1053 2680 nostrum
1079 2641 1137 2679 uon
1162 2621 1292 2694 iuretur,

255 2707 286 2764 id
308 2715 377 2778 parto
398 2703 635 2778 praeferendum,
658 2704 735 2778 quod
756 2715 784 2763 et
805 2703 916 2763 facilius
937 2701 1188 2780 mutari'potuisss
1208 2703 1292 2762 vido-

256 2797 319 2864 tur‚
341 2821 383 2833 -
404 2788 488 2846 facile
508 2790 583 2845 enim
605 2786 627 2845 ri
649 2785 752 2862 dignos
772 2790 801 2846 in
822 2786 958 2864 indignos
972 2790 1122 2864 depravari
1137 2789 1291 2862 pottdt-‚

256 2873 343 2943 etad
364 2871 451 2930 buius
471 2871 524 2928 ioci
546 2875 717 2930 seutentiam
738 2872 823 2931 affert
844 2875 987 2949 quandam
1009 2877 1188 2949 gravitatem.

334 2954 412 3013 ibid.
437 2955 468 3028 ᾗ.
492 2962 542 3014 80.
586 2953 636 3014 Ito
660 2953 861 3030 pulcberrdmo
889 2957 944 3016 tlte
964 2971 992 3036 et
1011 2961 1140 3016 muudum
1158 2953 1293 3016 notandi

256 3053 357 3100 curent
383 3041 511 3096 amicitie
531 3061 589 3113 per·
607 3061 637 3098 se
658 3054 685 3098 et
699 3056 830 3116 fpropter
849 3063 879 3099 se
899 3044 1038 3115 adpetitu.
1081 3045 1212 3114 caperato
1238 3061 1291 3114 pro

256 3125 373 3200 volgato
393 3121 555 3197 aspeteado
575 3121 681 3183 babent
703 3129 801 3200 optimi
816 3127 881 3183 iibri
892 3125 1078 3198 Erfurtensis‚
1100 3123 1229 3185 Vindob.
1241 3125 1293 3201 il„

257 3205 420 3279 Gudianus,
443 3208 611 3281 quibuscum
634 3211 682 3267 aiii
704 3212 790 3268 etiam
811 3209 876 3268 libri
898 3210 974 3284 apud
995 3208 1133 3268 Beierum
1154 3222 1183 3268 et
1194 3207 1293 3268 Geru-

257 3292 380 3350 bardum
393 3293 585 3364 consentiunt,
608 3292 787 3367 dubitarique
808 3294 890 3352 nuiio
911 3294 997 3352 modo
1019 3304 1110 3368 potest
1131 3291 1201 3369 quin
1222 3291 1294 3353 baec

82 3417 87 3426 -
131 3393 137 3401 ·
256 3379 394 3456 scriptura
424 3375 584 3434 ascisceuda
611 3377 657 3435 sit.
701 3395 769 3435 nam
797 3382 851 3436 etsi
879 3393 965 3453 saepe
993 3367 1236 3452 expetendum
1261 3377 1293 3435 id

257 3462 359 3520 dicitrn·
380 3455 534 3532 a—Tuiiio,
561 3461 637 3534 quod
668 3474 783 3536 propter
809 3473 953 3520 staturam·
967 3481 1049 3520 suam
1070 3463 1227 3536 optandum
1247 3463 1292 3520 vi·

257 3546 351 3616 detur,
374 3556 469 3602 tamen
491 3543 546 3602 boc
565 3545 627 3602 ioco
650 3545 766 3604 videtur
777 3546 930 3620 aliqnando
940 3549 1037 3621 aptius
1048 3565 1112 3606 esse
1123 3547 1292 3621 pericuum,

147 3633 153 3638 '
257 3650 315 3705 quo
336 3631 439 3687 dicitur
458 3627 509 3685 itta
532 3628 771 3701 pulcherrimast
791 3633 919 3690 maxime
944 3630 1084 3690 naturalis
1111 3649 1190 3708 esse,
1217 3649 1294 3706 quae

254 3735 309 3788 per
330 3733 361 3770 se
383 3725 411 3771 ct
433 3723 547 3786 propter
568 3733 600 3770 se
621 3716 658 3772 sit
679 3716 816 3790 expetita,
838 3716 858 3774 i.
869 3735 897 3774 e.
919 3735 994 3789 qnae
1014 3735 1067 3789 per
1085 3735 1119 3774 se
1140 3726 1168 3774 et
1178 3725 1294 3790 propter

258 3817 289 3856 se
311 3797 346 3855 ab
368 3795 570 3870 expetentibus
591 3799 715 3855 vicissim
738 3799 808 3856 initu
828 3809 915 3873 atque
945 3801 1093 3858 coniuncta
1114 3802 1162 3861 sit.
1205 3819 1294 3874 quum

258 3883 375 3940 obrem
399 3883 434 3946 de
456 3883 628 3955 optimorum
649 3879 787 3941 librorum
809 3885 973 3944 auctoritate
995 3883 1116 3943 deiicere
1137 3903 1195 3943 uon
1213 3893 1294 3960 pote·

134 4012 138 4015 .
256 3985 355 4024 ramus
376 3963 429 4022 boc
448 3966 521 4023 loco.

313 4087 316 4094 ·
344 4048 465 4110 ibidem.
495 4071 547 4108 nec
566 4053 625 4124 ipsi
644 4048 700 4109 sibi
720 4049 852 4127 exemplo
872 4066 939 4112 sunt
958 4051 1056 4131 qualis
1075 4066 1102 4110 at
1118 4065 1229 4132 quantu
1244 4055 1293 4113 sit.

258 4137 298 4194 sic
319 4133 408 4210 uolgo
429 4131 499 4192 baec
520 4137 606 4195 verba
629 4137 762 4214 eduntur,
786 4148 815 4196 at
835 4139 866 4196 in
887 4139 968 4198 libris
988 4138 1162 4212 quibusdam
1177 4137 1233 4197 alia
1251 4148 1296 4197 est
